2972 4946
327 515 549 598 ALKALIA,
573 517 636 586 ET
657 518 830 586 EORUM
853 517 1004 585 SALES.
1144 528 1185 596 39

148 672 209 756 los
229 674 367 757 chartei
385 676 525 760 bibula
544 676 744 760 involutas
768 691 809 759 et
838 703 1086 787 compressas
1116 705 1186 756 ex-

150 809 264 892 sicca
326 812 533 896 Consume
550 813 751 924 liquorem
770 811 984 922 reliquum,
1005 809 1185 908 cavendo

148 971 201 1026 ne
235 944 342 1028 calor
374 948 545 1058 gradum
583 955 720 1030 12οῐΙιιιῐίι
748 946 929 1044 excedat,
958 959 1005 1028 ut
1037 945 1185 1028 iterum

148 1080 349 1189 prodeant
378 1083 564 1192 crystalli.
625 1083 712 1168 Has
743 1083 890 1166 eodem
919 1081 1044 1164 modo
1076 1111 1189 1174 com-

149 1214 282 1324 prime
301 1230 343 1344 et
362 1218 528 1301 exsicca.
985 1219 988 1224 ’

415 1594 552 1661 SODAE
576 1595 926 1662 SUBCARBONAS.

146 1904 181 1984 Β,
210 1889 331 1972 Sodae
350 1891 523 2003 impurae
542 1891 585 1972 in
604 1891 816 2002 pulverem
835 1891 943 1972 tritae
961 1891 1139 1990 libram,

207 2028 344 2137 Aquae
363 2026 577 2110 destillatae
597 2027 788 2111 i'erventis
804 2027 976 2110 octarios
996 2041 1189 2138 quatuor3

207 2297 348 2408 Coque
370 2279 519 2382 Sodam
540 2298 582 2381 in
604 2301 729 2410 Aqua
754 2293 827 2412 per
854 2299 996 2384 horam
1026 2271 1199 2384 dimidi-v

149 2463 228 2530 am,
249 2447 291 2516 et
310 2434 408 2516 cola.
469 2435 574 2520 Haec
592 2449 761 2548 vaporet
791 2437 843 2518 ad
871 2436 1043 2518 octarios
1073 2437 1188 2534 duee,

149 2581 190 2650 et
209 2583 440 2680 seponatur,
456 2584 501 2652 ut
519 2572 619 2654 fiant
638 2572 823 2682 crystalli.
884 2573 1107 2684 Liquorem
1123 2569 1189 2658 suss

148 2704 360 2822 perstitem
379 2705 511 2815 rejice.

267 3107 405 3174 SODAE
428 3109 770 3182 SUBCARBONAS
794 3114 1071 3182 EXSICCATA.

149 3393 182 3472 Β,
208 3378 328 3460 Sodae
350 3380 660 3466 Subearbonatis
680 3384 824 3468 libram
842 3423 853 3488 ;

208 3649 329 3732 Sodae
362 3650 666 3748 Subcarbonati,
695 3653 737 3734 in
757 3685 851 3738 vase
878 3655 1009 3738 ferreo
1042 3655 1187 3754 nitido,

149 3783 325 3867 calorem
339 3785 564 3868 ferventem
584 3789 745 3888 adhibe,
765 3788 902 3873 donee
923 3793 1087 3904 penitris
1116 3823 1188 3876 ex-

148 3917 344 4021 siccetur3
374 3949 546 4031 eamque
566 3921 686 4006 simul
706 3925 857 4035 spatha
877 3924 1008 4010 ferrea
1027 3929 1186 4012 assidue

150 4082 278 4137 move.
338 4045 528 4166 Denique
548 4057 588 4138 in
609 4059 818 4168 pulverem
837 4075 934 4144 tere.
