<?xml version="1.0" encoding="UTF-8"?>
<!DOCTYPE html PUBLIC "-//W3C//DTD XHTML 1.0 Transitional//EN"
    "http://www.w3.org/TR/xhtml1/DTD/xhtml1-transitional.dtd">
<html xmlns="http://www.w3.org/1999/xhtml" xml:lang="en" lang="en">
 <head>
  <title>
</title>
<meta http-equiv="Content-Type" content="text/html;charset=utf-8" />
  <meta name='ocr-system' content='tesseract 3.04.00' />
  <meta name='ocr-capabilities' content='ocr_page ocr_carea ocr_par ocr_line ocrx_word'/>
</head>
<body>
  <div class='ocr_page' id='page_1' title='image "./pharmacopoeiaco00londgoog_0186.png"; bbox 0 0 2942 4942; ppageno 0'>
   <div class='ocr_carea' id='block_1_1' title="bbox 578 473 1186 559">
    <p class='ocr_par' dir='ltr' id='par_1_1' title="bbox 578 473 1186 559">
     <span class='ocr_line' id='line_1_1' title="bbox 578 473 1186 559; baseline 0.01 -9"><span class='ocrx_word' id='word_1_1' title='bbox 578 473 762 553; x_wconf 75' lang='lat' dir='ltr'><strong>SYRUPI.</strong></span> <span class='ocrx_word' id='word_1_2' title='bbox 1122 486 1186 559; x_wconf 68' lang='lat'><strong>145</strong></span> 
     </span>
    </p>
   </div>
   <div class='ocr_carea' id='block_1_2' title="bbox 143 595 1186 892">
    <p class='ocr_par' dir='ltr' id='par_1_2' title="bbox 143 595 1186 892">
     <span class='ocr_line' id='line_1_2' title="bbox 198 595 1186 758; baseline 0 -30"><span class='ocrx_word' id='word_1_3' title='bbox 198 640 607 758; x_wconf 74' lang='lat' dir='ltr'><strong>Liqua·Sacohamm</strong></span> <span class='ocrx_word' id='word_1_4' title='bbox 640 646 684 733; x_wconf 86' lang='lat' dir='ltr'><strong>in</strong></span> <span class='ocrx_word' id='word_1_5' title='bbox 721 645 850 732; x_wconf 88' lang='lat' dir='ltr'>Sucoo</span> <span class='ocrx_word' id='word_1_6' title='bbox 879 595 1023 742; x_wconf 49' lang='lat' dir='ltr'><strong>Mori,</strong></span> <span class='ocrx_word' id='word_1_7' title='bbox 1038 643 1186 734; x_wconf 80' lang='lat' dir='ltr'>eodem</span> 
     </span>
     <span class='ocr_line' id='line_1_3' title="bbox 143 779 1185 892; baseline 0 -30"><span class='ocrx_word' id='word_1_8' title='bbox 143 779 269 862; x_wconf 91' lang='lat' dir='ltr'><strong>modo</strong></span> <span class='ocrx_word' id='word_1_9' title='bbox 289 809 371 892; x_wconf 92' lang='lat' dir='ltr'><strong>quo</strong></span> <span class='ocrx_word' id='word_1_10' title='bbox 391 781 444 864; x_wconf 88' lang='lat' dir='ltr'><strong>de</strong></span> <span class='ocrx_word' id='word_1_11' title='bbox 466 780 625 892; x_wconf 76' lang='lat' dir='ltr'>Syrupo</span> <span class='ocrx_word' id='word_1_12' title='bbox 645 780 821 891; x_wconf 83' lang='lat' dir='ltr'><strong>simplici</strong></span> <span class='ocrx_word' id='word_1_13' title='bbox 839 793 1092 892; x_wconf 81' lang='lat' dir='ltr'><strong>praeceptum</strong></span> <span class='ocrx_word' id='word_1_14' title='bbox 1112 792 1185 862; x_wconf 88' lang='lat' dir='ltr'><strong>est.</strong></span> 
     </span>
    </p>
   </div>
   <div class='ocr_carea' id='block_1_3' title="bbox 413 1096 930 1169">
    <p class='ocr_par' dir='ltr' id='par_1_3' title="bbox 413 1096 930 1169">
     <span class='ocr_line' id='line_1_4' title="bbox 413 1096 930 1169; baseline -0.006 0"><span class='ocrx_word' id='word_1_15' title='bbox 413 1096 631 1169; x_wconf 86' lang='lat' dir='ltr'>SYRUPUS</span> <span class='ocrx_word' id='word_1_16' title='bbox 654 1099 930 1168; x_wconf 82' lang='lat' dir='ltr'>PAPAVERIS.</span> 
     </span>
    </p>
   </div>
   <div class='ocr_carea' id='block_1_4' title="bbox 143 1324 1218 1981">
    <p class='ocr_par' dir='ltr' id='par_1_4' title="bbox 143 1324 1186 1694">
     <span class='ocr_line' id='line_1_5' title="bbox 143 1324 1186 1439; baseline -0.004 -27"><span class='ocrx_word' id='word_1_17' title='bbox 143 1337 177 1422; x_wconf 60' lang='grc' dir='ltr'><strong>Β,</strong></span> <span class='ocrx_word' id='word_1_18' title='bbox 197 1325 411 1439; x_wconf 78' lang='lat' dir='ltr'><strong>Papaveris</strong></span> <span class='ocrx_word' id='word_1_19' title='bbox 435 1325 700 1437; x_wconf 83' lang='lat' dir='ltr'><strong>Capsularum</strong></span> <span class='ocrx_word' id='word_1_20' title='bbox 716 1324 1009 1408; x_wconf 81' lang='lat' dir='ltr'><strong>exsiccatamm</strong></span> <span class='ocrx_word' id='word_1_21' title='bbox 1028 1335 1071 1406; x_wconf 86' lang='lat' dir='ltr'><strong>et</strong></span> <span class='ocrx_word' id='word_1_22' title='bbox 1089 1345 1186 1408; x_wconf 86' lang='lat' dir='ltr'>oon·</span> 
     </span>
     <span class='ocr_line' id='line_1_6' title="bbox 252 1460 1186 1573; baseline 0.001 -30"><span class='ocrx_word' id='word_1_23' title='bbox 252 1475 448 1559; x_wconf 82' lang='lat' dir='ltr'><strong>tusarum,</strong></span> <span class='ocrx_word' id='word_1_24' title='bbox 468 1461 646 1572; x_wconf 85' lang='lat' dir='ltr'><strong>demptis</strong></span> <span class='ocrx_word' id='word_1_25' title='bbox 673 1460 910 1559; x_wconf 89' lang='lat' dir='ltr'><strong>seminibus,</strong></span> <span class='ocrx_word' id='word_1_26' title='bbox 929 1460 1068 1543; x_wconf 86' lang='lat' dir='ltr'><strong>uncias</strong></span> <span class='ocrx_word' id='word_1_27' title='bbox 1088 1471 1186 1573; x_wconf 65' lang='lat' dir='ltr'><strong>qum¹</strong></span> 
     </span>
     <span class='ocr_line' id='line_1_7' title="bbox 254 1597 537 1694; baseline 0.007 -16"><span class='ocrx_word' id='word_1_28' title='bbox 254 1597 510 1694; x_wconf 59' lang='lat' dir='ltr'><strong>tuordecim„</strong></span> <span class='ocrx_word' id='word_1_29' title='bbox 535 1651 537 1655; x_wconf 66' lang='lat'>,</span> 
     </span>
    </p>

    <p class='ocr_par' dir='ltr' id='par_1_5' title="bbox 200 1732 1218 1981">
     <span class='ocr_line' id='line_1_8' title="bbox 201 1732 882 1846; baseline 0.003 -28"><span class='ocrx_word' id='word_1_30' title='bbox 201 1733 389 1818; x_wconf 68' lang='lat' dir='ltr'><strong>sacchar}</strong></span> <span class='ocrx_word' id='word_1_31' title='bbox 405 1733 608 1846; x_wconf 84' lang='lat' dir='ltr'><strong>purificati</strong></span> <span class='ocrx_word' id='word_1_32' title='bbox 626 1732 749 1826; x_wconf 80' lang='lat' dir='ltr'><strong>libras</strong></span> <span class='ocrx_word' id='word_1_33' title='bbox 769 1735 882 1832; x_wconf 83' lang='lat' dir='ltr'><strong>duas,</strong></span> 
     </span>
     <span class='ocr_line' id='line_1_9' title="bbox 200 1867 1218 1981; baseline 0.003 -29"><span class='ocrx_word' id='word_1_34' title='bbox 200 1870 340 1980; x_wconf 83' lang='lat' dir='ltr'><strong>Aquae</strong></span> <span class='ocrx_word' id='word_1_35' title='bbox 355 1867 551 1956; x_wconf 83' lang='lat' dir='ltr'>ferventis</span> <span class='ocrx_word' id='word_1_36' title='bbox 563 1868 739 1981; x_wconf 84' lang='lat' dir='ltr'><strong>congios</strong></span> <span class='ocrx_word' id='word_1_37' title='bbox 752 1869 858 1953; x_wconf 88' lang='lat' dir='ltr'><strong>duos</strong></span> <span class='ocrx_word' id='word_1_38' title='bbox 871 1897 965 1952; x_wconf 87' lang='lat' dir='ltr'><strong>eum</strong></span> <span class='ocrx_word' id='word_1_39' title='bbox 986 1869 1152 1956; x_wconf 81' lang='lat' dir='ltr'><strong>semisse</strong></span> <span class='ocrx_word' id='word_1_40' title='bbox 1159 1906 1172 1976; x_wconf 69' lang='grc' dir='ltr'><strong>ς</strong></span> <span class='ocrx_word' id='word_1_41' title='bbox 1214 1961 1218 1968; x_wconf 66' lang='grc'>,</span> 
     </span>
    </p>
   </div>
   <div class='ocr_carea' id='block_1_5' title="bbox 142 2133 1188 3311">
    <p class='ocr_par' dir='ltr' id='par_1_6' title="bbox 142 2133 1188 3311">
     <span class='ocr_line' id='line_1_10' title="bbox 201 2133 1186 2256; baseline 0.004 -34"><span class='ocrx_word' id='word_1_42' title='bbox 201 2139 369 2224; x_wconf 86' lang='lat' dir='ltr'>Macera</span> <span class='ocrx_word' id='word_1_43' title='bbox 391 2141 584 2254; x_wconf 86' lang='lat' dir='ltr'><strong>Capsulas</strong></span> <span class='ocrx_word' id='word_1_44' title='bbox 603 2142 646 2224; x_wconf 89' lang='lat' dir='ltr'><strong>in</strong></span> <span class='ocrx_word' id='word_1_45' title='bbox 668 2138 792 2254; x_wconf 69' lang='lat' dir='ltr'><strong>Aqui</strong></span> <span class='ocrx_word' id='word_1_46' title='bbox 809 2170 884 2254; x_wconf 86' lang='lat' dir='ltr'><strong>per</strong></span> <span class='ocrx_word' id='word_1_47' title='bbox 902 2133 1021 2226; x_wconf 80' lang='lat' dir='ltr'>horas</span> <span class='ocrx_word' id='word_1_48' title='bbox 1040 2143 1186 2256; x_wconf 84' lang='lat' dir='ltr'><strong>viginti</strong></span> 
     </span>
     <span class='ocr_line' id='line_1_11' title="bbox 143 2277 1187 2392; baseline 0.006 -32"><span class='ocrx_word' id='word_1_49' title='bbox 143 2291 337 2390; x_wconf 79' lang='lat' dir='ltr'>quatuor3</span> <span class='ocrx_word' id='word_1_50' title='bbox 365 2293 456 2360; x_wconf 86' lang='lat' dir='ltr'><strong>tum</strong></span> <span class='ocrx_word' id='word_1_51' title='bbox 476 2279 625 2364; x_wconf 85' lang='lat' dir='ltr'>balneo</span> <span class='ocrx_word' id='word_1_52' title='bbox 645 2307 799 2391; x_wconf 83' lang='lat' dir='ltr'>aquoso</span> <span class='ocrx_word' id='word_1_53' title='bbox 819 2277 872 2361; x_wconf 82' lang='lat' dir='ltr'><strong>ad</strong></span> <span class='ocrx_word' id='word_1_54' title='bbox 897 2279 1089 2392; x_wconf 86' lang='lat' dir='ltr'><strong>congium</strong></span> <span class='ocrx_word' id='word_1_55' title='bbox 1115 2281 1187 2366; x_wconf 88' lang='lat' dir='ltr'><strong>de-</strong></span> 
     </span>
     <span class='ocr_line' id='line_1_12' title="bbox 145 2413 1185 2530; baseline 0.002 -34"><span class='ocrx_word' id='word_1_56' title='bbox 145 2443 290 2526; x_wconf 88' lang='lat' dir='ltr'>coque,</span> <span class='ocrx_word' id='word_1_57' title='bbox 303 2428 345 2497; x_wconf 80' lang='lat' dir='ltr'><strong>et</strong></span> <span class='ocrx_word' id='word_1_58' title='bbox 359 2413 518 2506; x_wconf 68' lang='lat' dir='ltr'><strong>fortiter</strong></span> <span class='ocrx_word' id='word_1_59' title='bbox 537 2415 734 2530; x_wconf 68' lang='lat' dir='ltr'><strong>exprime,</strong></span> <span class='ocrx_word' id='word_1_60' title='bbox 765 2413 992 2525; x_wconf 83' lang='lat' dir='ltr'><strong>Liquorem</strong></span> <span class='ocrx_word' id='word_1_61' title='bbox 1007 2413 1185 2498; x_wconf 83' lang='lat' dir='ltr'><strong>oolatum</strong></span> 
     </span>
     <span class='ocr_line' id='line_1_13' title="bbox 143 2548 1187 2662; baseline 0 -30"><span class='ocrx_word' id='word_1_62' title='bbox 143 2551 294 2634; x_wconf 87' lang='lat' dir='ltr'><strong>iterum</strong></span> <span class='ocrx_word' id='word_1_63' title='bbox 314 2550 499 2662; x_wconf 90' lang='lat' dir='ltr'>decoque</span> <span class='ocrx_word' id='word_1_64' title='bbox 518 2548 571 2632; x_wconf 87' lang='lat' dir='ltr'><strong>ad</strong></span> <span class='ocrx_word' id='word_1_65' title='bbox 584 2549 758 2632; x_wconf 77' lang='lat' dir='ltr'><strong>octarios</strong></span> <span class='ocrx_word' id='word_1_66' title='bbox 773 2549 889 2647; x_wconf 89' lang='lat' dir='ltr'>duos,</span> <span class='ocrx_word' id='word_1_67' title='bbox 904 2562 947 2633; x_wconf 89' lang='lat' dir='ltr'><strong>et</strong></span> <span class='ocrx_word' id='word_1_68' title='bbox 965 2548 1187 2632; x_wconf 87' lang='lat' dir='ltr'>adhucfer-</span> 
     </span>
     <span class='ocr_line' id='line_1_14' title="bbox 142 2685 1188 2801; baseline -0.005 -28"><span class='ocrx_word' id='word_1_69' title='bbox 142 2703 317 2775; x_wconf 83' lang='lat' dir='ltr'>ventem</span> <span class='ocrx_word' id='word_1_70' title='bbox 330 2687 429 2772; x_wconf 70' lang='lat' dir='ltr'><strong>oolo</strong></span> <span class='ocrx_word' id='word_1_71' title='bbox 482 2687 644 2800; x_wconf 86' lang='lat' dir='ltr'>Sepone</span> <span class='ocrx_word' id='word_1_72' title='bbox 662 2717 736 2801; x_wconf 91' lang='lat' dir='ltr'><strong>per</strong></span> <span class='ocrx_word' id='word_1_73' title='bbox 754 2687 874 2770; x_wconf 82' lang='lat' dir='ltr'>horas</span> <span class='ocrx_word' id='word_1_74' title='bbox 889 2685 1121 2782; x_wconf 69' lang='lat' dir='ltr'><strong>duodecim</strong></span> <span class='ocrx_word' id='word_1_75' title='bbox 1140 2699 1188 2777; x_wconf 80' lang='lat' dir='ltr'><strong>ut</strong></span> 
     </span>
     <span class='ocr_line' id='line_1_15' title="bbox 142 2822 1185 2937; baseline -0.006 -28"><span class='ocrx_word' id='word_1_76' title='bbox 142 2827 264 2910; x_wconf 84' lang='lat' dir='ltr'>faeces</span> <span class='ocrx_word' id='word_1_77' title='bbox 280 2826 510 2928; x_wconf 80' lang='lat' dir='ltr'><strong>subsidant3</strong></span> <span class='ocrx_word' id='word_1_78' title='bbox 529 2839 619 2908; x_wconf 83' lang='lat' dir='ltr'><strong>tum</strong></span> <span class='ocrx_word' id='word_1_79' title='bbox 638 2825 840 2937; x_wconf 89' lang='lat' dir='ltr'><strong>liquorem</strong></span> <span class='ocrx_word' id='word_1_80' title='bbox 856 2824 1098 2913; x_wconf 86' lang='lat' dir='ltr'><strong>defaecatum</strong></span> <span class='ocrx_word' id='word_1_81' title='bbox 1114 2822 1185 2904; x_wconf 92' lang='lat' dir='ltr'><strong>de-</strong></span> 
     </span>
     <span class='ocr_line' id='line_1_16' title="bbox 144 2959 1186 3077; baseline -0.003 -32"><span class='ocrx_word' id='word_1_82' title='bbox 144 2992 276 3074; x_wconf 87' lang='lat' dir='ltr'>coque</span> <span class='ocrx_word' id='word_1_83' title='bbox 295 2963 577 3060; x_wconf 69' lang='lat' dir='ltr'><strong>ademarium,</strong></span> <span class='ocrx_word' id='word_1_84' title='bbox 607 2975 649 3045; x_wconf 88' lang='lat' dir='ltr'><strong>et</strong></span> <span class='ocrx_word' id='word_1_85' title='bbox 685 2960 927 3044; x_wconf 84' lang='lat' dir='ltr'>Sacoharum</span> <span class='ocrx_word' id='word_1_86' title='bbox 955 2959 1096 3071; x_wconf 79' lang='lat' dir='ltr'>adjice,</span> <span class='ocrx_word' id='word_1_87' title='bbox 1117 2987 1186 3077; x_wconf 66' lang='lat'><strong>0⁰¹,</strong></span> 
     </span>
     <span class='ocr_line' id='line_1_17' title="bbox 144 3089 1184 3205; baseline 0.005 -33"><span class='ocrx_word' id='word_1_88' title='bbox 144 3091 242 3174; x_wconf 91' lang='lat' dir='ltr'><strong>dem</strong></span> <span class='ocrx_word' id='word_1_89' title='bbox 258 3089 384 3174; x_wconf 90' lang='lat' dir='ltr'><strong>modo</strong></span> <span class='ocrx_word' id='word_1_90' title='bbox 399 3119 482 3202; x_wconf 93' lang='lat' dir='ltr'><strong>quo</strong></span> <span class='ocrx_word' id='word_1_91' title='bbox 497 3091 549 3173; x_wconf 92' lang='lat' dir='ltr'><strong>de</strong></span> <span class='ocrx_word' id='word_1_92' title='bbox 567 3090 725 3203; x_wconf 88' lang='lat' dir='ltr'>Syrupo</span> <span class='ocrx_word' id='word_1_93' title='bbox 739 3091 913 3202; x_wconf 85' lang='lat' dir='ltr'><strong>simplici</strong></span> <span class='ocrx_word' id='word_1_94' title='bbox 932 3105 1184 3205; x_wconf 73' lang='lat' dir='ltr'><strong>praeceptum</strong></span> 
     </span>
     <span class='ocr_line' id='line_1_18' title="bbox 148 3243 220 3311; baseline -0.014 0"><span class='ocrx_word' id='word_1_95' title='bbox 148 3243 220 3311; x_wconf 88' lang='lat' dir='ltr'><strong>est.</strong></span> 
     </span>
    </p>
   </div>
   <div class='ocr_carea' id='block_1_6' title="bbox 450 3548 897 3618">
    <p class='ocr_par' dir='ltr' id='par_1_7' title="bbox 450 3548 897 3618">
     <span class='ocr_line' id='line_1_19' title="bbox 450 3548 897 3618; baseline -0.002 -2"><span class='ocrx_word' id='word_1_96' title='bbox 450 3548 665 3618; x_wconf 84' lang='lat' dir='ltr'><strong>SYRUPUS</strong></span> <span class='ocrx_word' id='word_1_97' title='bbox 689 3548 897 3618; x_wconf 83' lang='lat' dir='ltr'>RHAMNI.</span> 
     </span>
    </p>
   </div>
   <div class='ocr_carea' id='block_1_7' title="bbox 146 3770 1188 4158">
    <p class='ocr_par' dir='ltr' id='par_1_8' title="bbox 146 3770 1188 4158">
     <span class='ocr_line' id='line_1_20' title="bbox 146 3770 1188 3864; baseline 0.006 -13"><span class='ocrx_word' id='word_1_98' title='bbox 146 3770 392 3864; x_wconf 65' lang='lat' dir='ltr'><strong>RRhamni-</strong></span> <span class='ocrx_word' id='word_1_99' title='bbox 413 3774 632 3857; x_wconf 76' lang='lat' dir='ltr'><strong>Bassorum</strong></span> <span class='ocrx_word' id='word_1_100' title='bbox 667 3775 783 3856; x_wconf 88' lang='lat' dir='ltr'><strong>Succi</strong></span> <span class='ocrx_word' id='word_1_101' title='bbox 813 3774 987 3858; x_wconf 87' lang='lat' dir='ltr'><strong>recentis</strong></span> <span class='ocrx_word' id='word_1_102' title='bbox 1016 3773 1188 3857; x_wconf 83' lang='lat' dir='ltr'><strong>octorios</strong></span> 
     </span>
     <span class='ocr_line' id='line_1_21' title="bbox 256 3923 441 4020; baseline 0.005 -29"><span class='ocrx_word' id='word_1_103' title='bbox 256 3923 441 4020; x_wconf 82' lang='lat' dir='ltr'>quatuor,</span> 
     </span>
     <span class='ocr_line' id='line_1_22' title="bbox 203 4044 824 4158; baseline -0.003 -30"><span class='ocrx_word' id='word_1_104' title='bbox 203 4044 430 4158; x_wconf 88' lang='lat' dir='ltr'><strong>Zingiberis</strong></span> <span class='ocrx_word' id='word_1_105' title='bbox 452 4045 618 4145; x_wconf 67' lang='lat' dir='ltr'><strong>Radicis</strong></span> <span class='ocrx_word' id='word_1_106' title='bbox 638 4044 824 4142; x_wconf 79' lang='lat' dir='ltr'><strong>concisse,</strong></span> 
     </span>
    </p>
   </div>
   <div class='ocr_carea' id='block_1_8' title="bbox 0 0 1479 4942">
    <p class='ocr_par' dir='ltr' id='par_1_9' title="bbox 0 0 1479 4942">
     <span class='ocr_line' id='line_1_23' title="bbox 0 0 1479 4942; baseline 0 0"><span class='ocrx_word' id='word_1_107' title='bbox 0 0 1479 4942; x_wconf 95' lang='lat' dir='ltr'><strong> </strong></span> 
     </span>
    </p>
   </div>
  </div>
 </body>
</html>
