2942 4942
559 474 765 584 TABULA.
1119 484 1182 550 187

94 731 95 736 Ν
148 635 285 720 Pilulae
326 635 577 748 Hydrargyri
629 635 897 720 Submuriatis
943 635 1182 748 compositae

199 775 241 856 in
271 777 406 886 granis
444 774 603 857 circiter
638 787 811 886 quatuor
845 773 1059 856 continent
1093 772 1184 885 Hy-

200 913 380 1026 drargyri
404 913 672 996 Submuriatis
691 941 875 1024 granum.

147 1184 289 1268 Pilulae
312 1185 483 1297 Saponis
512 1211 607 1266 cum
639 1185 747 1295 Opio
772 1185 816 1266 in
838 1183 973 1296 granis
1003 1181 1185 1295 quinque

203 1321 415 1404 continent
437 1320 533 1432 Opii
551 1349 735 1432 granum.
1270 1311 1278 1320 ’

148 1593 284 1677 Pulvis
303 1594 445 1676 Cornu
464 1593 543 1676 usti
564 1622 658 1675 cum
681 1593 789 1706 Opio
816 1593 859 1675 in
887 1591 1022 1704 granis
1042 1593 1186 1677 decem

151 1802 153 1806 ,
204 1728 389 1811 continet
410 1727 506 1838 opii
526 1756 709 1838 granum.

150 2001 289 2084 Pulvis
320 2000 453 2082 Cretae
487 1999 737 2110 compositus
766 2025 860 2081 cum
892 1997 1000 2108 Opio
1020 1997 1062 2080 in
1083 2028 1191 2084 scru-

204 2137 313 2248 pulis
333 2135 492 2218 duobus
512 2123 696 2216 continet
718 2133 815 2245 Opii
833 2163 1017 2244 granum.

150 2405 290 2488 Pulvis
311 2405 603 2516 Ipecacuanhae
633 2405 883 2517 compositus
903 2407 946 2488 in
965 2407 1100 2520 granis
1120 2409 1191 2492 de-

208 2571 299 2624 cem
319 2542 503 2624 continet
525 2542 620 2654 Opii
639 2569 824 2654 granum.

152 2810 291 2894 Pulvis
314 2811 424 2893 Kino
444 2812 693 2924 compositus
723 2813 766 2894 in
797 2813 988 2925 scrupulo
1010 2813 1196 2940 continet
1251 2846 1255 2852 ’

118 3039 121 3044 ,
214 2949 309 3060 ΟΡὶἰ
328 2977 513 3059 granum.

157 3221 314 3302 Vinum
335 3218 570 3302 Antimonii
598 3217 818 3300 tartarizati
847 3219 890 3300 in
919 3217 1193 3302 fluidrachmis
1290 3320 1294 3334 1
1346 3311 1349 3318 ,

212 3370 386 3468 quatuor
405 3355 588 3437 continet
609 3355 842 3437 Antimonii
861 3356 1080 3439 tartarizati
1106 3388 1196 3470 gra

213 3517 325 3572 num.

160 3756 431 3867 Unguentum
459 3755 713 3867 Hydrargyri
742 3757 885 3841 fortius
919 3759 962 3842 in
996 3761 1198 3844 drachmis

217 3890 373 3972 duabus
393 3890 578 3972 continet
594 3890 847 4002 Hydrargyri
867 3892 1113 3976 drachmam.

163 4161 435 4271 Unguentum
469 4160 722 4271 Hydrargyri
752 4160 892 4244 mitius
925 4163 968 4244 in
999 4163 1203 4250 drachmis

220 4295 487 4382 sexcontinet
510 4295 762 4408 Hydrargyri
783 4298 1029 4384 drachmam.
