<?xml version="1.0" encoding="UTF-8"?>
<!DOCTYPE html PUBLIC "-//W3C//DTD XHTML 1.0 Transitional//EN"
    "http://www.w3.org/TR/xhtml1/DTD/xhtml1-transitional.dtd">
<html xmlns="http://www.w3.org/1999/xhtml" xml:lang="en" lang="en">
 <head>
  <title>
</title>
<meta http-equiv="Content-Type" content="text/html;charset=utf-8" />
  <meta name='ocr-system' content='tesseract 3.04.00' />
  <meta name='ocr-capabilities' content='ocr_page ocr_carea ocr_par ocr_line ocrx_word'/>
</head>
<body>
  <div class='ocr_page' id='page_1' title='image "./pharmacopoeiaco00londgoog_0071.png"; bbox 0 0 2978 4942; ppageno 0'>
   <div class='ocr_carea' id='block_1_1' title="bbox 290 490 889 558">
    <p class='ocr_par' dir='ltr' id='par_1_1' title="bbox 290 490 889 558">
     <span class='ocr_line' id='line_1_1' title="bbox 290 490 889 558; baseline 0.002 -4"><span class='ocrx_word' id='word_1_1' title='bbox 290 497 331 554; x_wconf 76' lang='lat'>28</span> <span class='ocrx_word' id='word_1_2' title='bbox 731 490 889 558; x_wconf 84' lang='lat' dir='ltr'><strong>ACIDA.</strong></span> 
     </span>
    </p>
   </div>
   <div class='ocr_carea' id='block_1_2' title="bbox 288 646 1470 753">
    <p class='ocr_par' dir='ltr' id='par_1_2' title="bbox 288 646 1470 753">
     <span class='ocr_line' id='line_1_2' title="bbox 288 646 1470 753; baseline 0 -21"><span class='ocrx_word' id='word_1_3' title='bbox 288 663 399 732; x_wconf 86' lang='lat' dir='ltr'>retur</span> <span class='ocrx_word' id='word_1_4' title='bbox 405 685 417 753; x_wconf 81' lang='lat'>3</span> <span class='ocrx_word' id='word_1_5' title='bbox 446 649 542 732; x_wconf 90' lang='lat' dir='ltr'>dein</span> <span class='ocrx_word' id='word_1_6' title='bbox 572 650 720 733; x_wconf 89' lang='lat' dir='ltr'>iterum</span> <span class='ocrx_word' id='word_1_7' title='bbox 749 651 933 746; x_wconf 87' lang='lat' dir='ltr'>sublima,</span> <span class='ocrx_word' id='word_1_8' title='bbox 953 649 1086 732; x_wconf 88' lang='lat' dir='ltr'>calore</span> <span class='ocrx_word' id='word_1_9' title='bbox 1113 676 1197 731; x_wconf 92' lang='lat' dir='ltr'>non</span> <span class='ocrx_word' id='word_1_10' title='bbox 1223 646 1327 732; x_wconf 85' lang='lat' dir='ltr'>ultra</span> <span class='ocrx_word' id='word_1_11' title='bbox 1468 654 1470 673; x_wconf 92' lang='lat'>&#39;</span> 
     </span>
    </p>
   </div>
   <div class='ocr_carea' id='block_1_3' title="bbox 288 784 760 894">
    <p class='ocr_par' dir='ltr' id='par_1_3' title="bbox 288 784 760 894">
     <span class='ocr_line' id='line_1_3' title="bbox 288 784 760 894; baseline 0.002 -29"><span class='ocrx_word' id='word_1_12' title='bbox 288 784 458 894; x_wconf 89' lang='lat' dir='ltr'>gradum</span> <span class='ocrx_word' id='word_1_13' title='bbox 479 789 760 867; x_wconf 60' lang='lat' dir='ltr'>400mfflaucto.</span> 
     </span>
    </p>
   </div>
   <div class='ocr_carea' id='block_1_4' title="bbox 574 1093 1087 1165">
    <p class='ocr_par' dir='ltr' id='par_1_4' title="bbox 574 1093 1087 1165">
     <span class='ocr_line' id='line_1_4' title="bbox 574 1093 1087 1165; baseline 0.004 -2"><span class='ocrx_word' id='word_1_14' title='bbox 574 1093 767 1165; x_wconf 86' lang='lat' dir='ltr'>ACIDUM</span> <span class='ocrx_word' id='word_1_15' title='bbox 789 1093 1037 1165; x_wconf 84' lang='lat' dir='ltr'><strong>CITRICUM.</strong></span> <span class='ocrx_word' id='word_1_16' title='bbox 1082 1117 1087 1126; x_wconf 84' lang='grc'><em>·</em></span> 
     </span>
    </p>
   </div>
   <div class='ocr_carea' id='block_1_5' title="bbox 287 1312 1323 1836">
    <p class='ocr_par' dir='ltr' id='par_1_5' title="bbox 287 1312 1323 1836">
     <span class='ocr_line' id='line_1_5' title="bbox 287 1312 1283 1432; baseline 0 -30"><span class='ocrx_word' id='word_1_17' title='bbox 287 1336 321 1416; x_wconf 70' lang='grc'>13,</span> <span class='ocrx_word' id='word_1_18' title='bbox 339 1321 564 1403; x_wconf 90' lang='lat' dir='ltr'>Limonum</span> <span class='ocrx_word' id='word_1_19' title='bbox 587 1320 703 1402; x_wconf 88' lang='lat' dir='ltr'>Succi</span> <span class='ocrx_word' id='word_1_20' title='bbox 722 1312 934 1418; x_wconf 86' lang='lat' dir='ltr'>octarium,</span> <span class='ocrx_word' id='word_1_21' title='bbox 1278 1423 1283 1432; x_wconf 29' lang='grc'>,</span> 
     </span>
     <span class='ocr_line' id='line_1_6' title="bbox 343 1454 1323 1568; baseline -0.001 -27"><span class='ocrx_word' id='word_1_22' title='bbox 343 1459 475 1542; x_wconf 84' lang='lat' dir='ltr'>Cretae</span> <span class='ocrx_word' id='word_1_23' title='bbox 492 1470 729 1568; x_wconf 85' lang='lat' dir='ltr'>praeparatae</span> <span class='ocrx_word' id='word_1_24' title='bbox 748 1457 922 1554; x_wconf 86' lang='lat' dir='ltr'>unciam,</span> <span class='ocrx_word' id='word_1_25' title='bbox 937 1454 1003 1540; x_wconf 88' lang='lat' dir='ltr'>vel</span> <span class='ocrx_word' id='word_1_26' title='bbox 1015 1469 1212 1567; x_wconf 87' lang='lat' dir='ltr'>quantum</span> <span class='ocrx_word' id='word_1_27' title='bbox 1228 1458 1323 1540; x_wconf 86' lang='lat' dir='ltr'>satis</span> 
     </span>
     <span class='ocr_line' id='line_1_7' title="bbox 395 1591 1006 1688; baseline 0 -16"><span class='ocrx_word' id='word_1_28' title='bbox 395 1591 447 1673; x_wconf 88' lang='lat' dir='ltr'>sit</span> <span class='ocrx_word' id='word_1_29' title='bbox 465 1591 518 1674; x_wconf 90' lang='lat' dir='ltr'>ad</span> <span class='ocrx_word' id='word_1_30' title='bbox 539 1591 712 1674; x_wconf 88' lang='lat' dir='ltr'>Succum</span> <span class='ocrx_word' id='word_1_31' title='bbox 730 1591 1006 1688; x_wconf 85' lang='lat' dir='ltr'>saturandum,</span> 
     </span>
     <span class='ocr_line' id='line_1_8' title="bbox 340 1722 1322 1836; baseline 0.001 -30"><span class='ocrx_word' id='word_1_32' title='bbox 340 1722 463 1806; x_wconf 91' lang='lat' dir='ltr'>Acidi</span> <span class='ocrx_word' id='word_1_33' title='bbox 487 1723 706 1836; x_wconf 90' lang='lat' dir='ltr'>sulphurici</span> <span class='ocrx_word' id='word_1_34' title='bbox 732 1724 851 1808; x_wconf 90' lang='lat' dir='ltr'>diluti</span> <span class='ocrx_word' id='word_1_35' title='bbox 880 1723 1119 1809; x_wconf 85' lang='lat' dir='ltr'>fluiduncias</span> <span class='ocrx_word' id='word_1_36' title='bbox 1144 1753 1322 1827; x_wconf 89' lang='lat' dir='ltr'>novem;</span> 
     </span>
    </p>
   </div>
   <div class='ocr_carea' id='block_1_6' title="bbox 280 1994 1322 3191">
    <p class='ocr_par' dir='ltr' id='par_1_6' title="bbox 280 1994 1322 3191">
     <span class='ocr_line' id='line_1_9' title="bbox 342 1994 1322 2110; baseline 0.002 -32"><span class='ocrx_word' id='word_1_37' title='bbox 342 1995 470 2081; x_wconf 84' lang='lat' dir='ltr'>Succo</span> <span class='ocrx_word' id='word_1_38' title='bbox 482 1994 707 2080; x_wconf 91' lang='lat' dir='ltr'><strong>Limonum</strong></span> <span class='ocrx_word' id='word_1_39' title='bbox 719 1996 936 2081; x_wconf 86' lang='lat' dir='ltr'>fervefacto</span> <span class='ocrx_word' id='word_1_40' title='bbox 951 1999 1112 2082; x_wconf 83' lang='lat' dir='ltr'>Cretam</span> <span class='ocrx_word' id='word_1_41' title='bbox 1123 1998 1322 2110; x_wconf 89' lang='lat' dir='ltr'>paulatim</span> 
     </span>
     <span class='ocr_line' id='line_1_10' title="bbox 284 2127 1321 2244; baseline 0.006 -35"><span class='ocrx_word' id='word_1_42' title='bbox 284 2127 424 2239; x_wconf 86' lang='lat' dir='ltr'>adjice,</span> <span class='ocrx_word' id='word_1_43' title='bbox 444 2142 485 2214; x_wconf 89' lang='lat' dir='ltr'>et</span> <span class='ocrx_word' id='word_1_44' title='bbox 507 2130 660 2233; x_wconf 91' lang='lat' dir='ltr'>misce;</span> <span class='ocrx_word' id='word_1_45' title='bbox 688 2145 778 2214; x_wconf 88' lang='lat' dir='ltr'>tum</span> <span class='ocrx_word' id='word_1_46' title='bbox 797 2133 997 2244; x_wconf 85' lang='lat' dir='ltr'>liquorem</span> <span class='ocrx_word' id='word_1_47' title='bbox 1018 2133 1192 2216; x_wconf 89' lang='lat' dir='ltr'>effunde.</span> <span class='ocrx_word' id='word_1_48' title='bbox 1253 2134 1321 2216; x_wconf 86' lang='lat' dir='ltr'>Ci-</span> 
     </span>
     <span class='ocr_line' id='line_1_11' title="bbox 283 2265 1321 2381; baseline 0.004 -34"><span class='ocrx_word' id='word_1_49' title='bbox 283 2278 430 2347; x_wconf 89' lang='lat' dir='ltr'>tratem</span> <span class='ocrx_word' id='word_1_50' title='bbox 458 2265 599 2363; x_wconf 88' lang='lat' dir='ltr'>Calcis,</span> <span class='ocrx_word' id='word_1_51' title='bbox 620 2297 712 2378; x_wconf 87' lang='lat' dir='ltr'>quae</span> <span class='ocrx_word' id='word_1_52' title='bbox 740 2281 935 2365; x_wconf 84' lang='lat' dir='ltr'>remanet,</span> <span class='ocrx_word' id='word_1_53' title='bbox 954 2272 1058 2379; x_wconf 70' lang='lat' dir='ltr'>aqua</span> <span class='ocrx_word' id='word_1_54' title='bbox 1087 2269 1227 2381; x_wconf 72' lang='lat' dir='ltr'>tepida</span> <span class='ocrx_word' id='word_1_55' title='bbox 1246 2299 1321 2351; x_wconf 86' lang='lat' dir='ltr'>sae-</span> 
     </span>
     <span class='ocr_line' id='line_1_12' title="bbox 282 2401 1318 2517; baseline 0.002 -33"><span class='ocrx_word' id='word_1_56' title='bbox 282 2401 375 2513; x_wconf 91' lang='lat' dir='ltr'>pius</span> <span class='ocrx_word' id='word_1_57' title='bbox 394 2407 585 2486; x_wconf 69' lang='lat' dir='ltr'>renovata</span> <span class='ocrx_word' id='word_1_58' title='bbox 603 2404 722 2488; x_wconf 88' lang='lat' dir='ltr'>ablue</span> <span class='ocrx_word' id='word_1_59' title='bbox 738 2442 749 2506; x_wconf 91' lang='lat'>;</span> <span class='ocrx_word' id='word_1_60' title='bbox 774 2405 869 2488; x_wconf 90' lang='lat' dir='ltr'>dein</span> <span class='ocrx_word' id='word_1_61' title='bbox 890 2405 1003 2488; x_wconf 80' lang='lat' dir='ltr'>sicca</span> <span class='ocrx_word' id='word_1_62' title='bbox 1034 2405 1142 2488; x_wconf 89' lang='lat' dir='ltr'>Tum</span> <span class='ocrx_word' id='word_1_63' title='bbox 1157 2406 1318 2517; x_wconf 89' lang='lat' dir='ltr'>pulveri</span> 
     </span>
     <span class='ocr_line' id='line_1_13' title="bbox 283 2539 1318 2652; baseline 0 -30"><span class='ocrx_word' id='word_1_64' title='bbox 283 2539 483 2622; x_wconf 87' lang='lat' dir='ltr'>exsiccato</span> <span class='ocrx_word' id='word_1_65' title='bbox 512 2539 801 2650; x_wconf 86' lang='lat' dir='ltr'>superinfunde</span> <span class='ocrx_word' id='word_1_66' title='bbox 831 2540 1011 2622; x_wconf 89' lang='lat' dir='ltr'>Acidum</span> <span class='ocrx_word' id='word_1_67' title='bbox 1040 2539 1318 2652; x_wconf 87' lang='lat' dir='ltr'>sulphuricum</span> 
     </span>
     <span class='ocr_line' id='line_1_14' title="bbox 282 2673 1314 2784; baseline -0.007 -24"><span class='ocrx_word' id='word_1_68' title='bbox 282 2675 471 2770; x_wconf 87' lang='lat' dir='ltr'>dilutum,</span> <span class='ocrx_word' id='word_1_69' title='bbox 501 2687 543 2756; x_wconf 91' lang='lat' dir='ltr'>et</span> <span class='ocrx_word' id='word_1_70' title='bbox 572 2703 702 2784; x_wconf 85' lang='lat' dir='ltr'>coque</span> <span class='ocrx_word' id='word_1_71' title='bbox 733 2703 808 2784; x_wconf 89' lang='lat' dir='ltr'>per</span> <span class='ocrx_word' id='word_1_72' title='bbox 838 2685 994 2757; x_wconf 84' lang='lat' dir='ltr'>sextam</span> <span class='ocrx_word' id='word_1_73' title='bbox 1011 2673 1126 2756; x_wconf 89' lang='lat' dir='ltr'>horae</span> <span class='ocrx_word' id='word_1_74' title='bbox 1143 2686 1314 2784; x_wconf 87' lang='lat' dir='ltr'>partem.</span> 
     </span>
     <span class='ocr_line' id='line_1_15' title="bbox 282 2805 1317 2921; baseline -0.006 -27"><span class='ocrx_word' id='word_1_75' title='bbox 282 2811 506 2921; x_wconf 90' lang='lat' dir='ltr'>Liquorem</span> <span class='ocrx_word' id='word_1_76' title='bbox 524 2837 598 2920; x_wconf 85' lang='lat' dir='ltr'>per</span> <span class='ocrx_word' id='word_1_77' title='bbox 616 2808 789 2890; x_wconf 89' lang='lat' dir='ltr'>linteum</span> <span class='ocrx_word' id='word_1_78' title='bbox 804 2805 960 2889; x_wconf 87' lang='lat' dir='ltr'>sortiter</span> <span class='ocrx_word' id='word_1_79' title='bbox 979 2806 1176 2918; x_wconf 88' lang='lat' dir='ltr'>exprime,</span> <span class='ocrx_word' id='word_1_80' title='bbox 1191 2820 1233 2890; x_wconf 91' lang='lat' dir='ltr'>et</span> <span class='ocrx_word' id='word_1_81' title='bbox 1242 2835 1317 2918; x_wconf 91' lang='lat' dir='ltr'>per</span> 
     </span>
     <span class='ocr_line' id='line_1_16' title="bbox 281 2927 1314 3046; baseline -0.004 -18"><span class='ocrx_word' id='word_1_82' title='bbox 281 2946 461 3028; x_wconf 87' lang='lat' dir='ltr'>chartam</span> <span class='ocrx_word' id='word_1_83' title='bbox 480 2945 569 3027; x_wconf 87' lang='lat' dir='ltr'>cola</span> <span class='ocrx_word' id='word_1_84' title='bbox 581 2981 593 3046; x_wconf 84' lang='lat'><em>3</em></span> <span class='ocrx_word' id='word_1_85' title='bbox 622 2944 800 3026; x_wconf 86' lang='lat' dir='ltr'>colatum</span> <span class='ocrx_word' id='word_1_86' title='bbox 830 2942 913 3024; x_wconf 90' lang='lat' dir='ltr'>leni</span> <span class='ocrx_word' id='word_1_87' title='bbox 947 2942 1079 3025; x_wconf 85' lang='lat' dir='ltr'>calore</span> <span class='ocrx_word' id='word_1_88' title='bbox 1107 2927 1314 3039; x_wconf 87' lang='lat' dir='ltr'>consume,</span> 
     </span>
     <span class='ocr_line' id='line_1_17' title="bbox 280 3076 1109 3191; baseline -0.011 -24"><span class='ocrx_word' id='word_1_89' title='bbox 280 3083 383 3167; x_wconf 68' lang='lat' dir='ltr'>adei&gt;</span> <span class='ocrx_word' id='word_1_90' title='bbox 402 3096 460 3180; x_wconf 88' lang='lat' dir='ltr'>ut,</span> <span class='ocrx_word' id='word_1_91' title='bbox 479 3082 578 3164; x_wconf 90' lang='lat' dir='ltr'>dum</span> <span class='ocrx_word' id='word_1_92' title='bbox 597 3077 787 3191; x_wconf 86' lang='lat' dir='ltr'>frigescit,</span> <span class='ocrx_word' id='word_1_93' title='bbox 805 3077 906 3160; x_wconf 86' lang='lat' dir='ltr'>fiant</span> <span class='ocrx_word' id='word_1_94' title='bbox 924 3076 1109 3187; x_wconf 80' lang='lat' dir='ltr'>crystalli.</span> 
     </span>
    </p>
   </div>
   <div class='ocr_carea' id='block_1_7' title="bbox 278 3349 1314 3738">
    <p class='ocr_par' dir='ltr' id='par_1_7' title="bbox 278 3349 1314 3738">
     <span class='ocr_line' id='line_1_18' title="bbox 337 3349 1313 3463; baseline -0.002 -29"><span class='ocrx_word' id='word_1_95' title='bbox 337 3352 566 3463; x_wconf 87' lang='lat' dir='ltr'>Crystallos,</span> <span class='ocrx_word' id='word_1_96' title='bbox 586 3366 631 3434; x_wconf 90' lang='lat' dir='ltr'>ut</span> <span class='ocrx_word' id='word_1_97' title='bbox 649 3380 763 3462; x_wconf 84' lang='lat' dir='ltr'>purae</span> <span class='ocrx_word' id='word_1_98' title='bbox 782 3350 875 3446; x_wconf 91' lang='lat' dir='ltr'>sint,</span> <span class='ocrx_word' id='word_1_99' title='bbox 896 3349 1043 3432; x_wconf 88' lang='lat' dir='ltr'>iterum</span> <span class='ocrx_word' id='word_1_100' title='bbox 1063 3362 1105 3432; x_wconf 90' lang='lat' dir='ltr'>et</span> <span class='ocrx_word' id='word_1_101' title='bbox 1122 3349 1244 3432; x_wconf 70' lang='lat' dir='ltr'>tertii)</span> <span class='ocrx_word' id='word_1_102' title='bbox 1270 3350 1313 3432; x_wconf 94' lang='lat' dir='ltr'>in</span> 
     </span>
     <span class='ocr_line' id='line_1_19' title="bbox 280 3483 1314 3599; baseline -0.003 -29"><span class='ocrx_word' id='word_1_103' title='bbox 280 3489 404 3599; x_wconf 67' lang='lat' dir='ltr'>Aqui</span> <span class='ocrx_word' id='word_1_104' title='bbox 432 3486 554 3598; x_wconf 89' lang='lat' dir='ltr'>liqna,</span> <span class='ocrx_word' id='word_1_105' title='bbox 582 3513 754 3596; x_wconf 85' lang='lat' dir='ltr'>eamque</span> <span class='ocrx_word' id='word_1_106' title='bbox 786 3484 908 3567; x_wconf 89' lang='lat' dir='ltr'>toties</span> <span class='ocrx_word' id='word_1_107' title='bbox 938 3483 1038 3582; x_wconf 87' lang='lat' dir='ltr'>cola,</span> <span class='ocrx_word' id='word_1_108' title='bbox 1058 3484 1252 3596; x_wconf 90' lang='lat' dir='ltr'>decoque,</span> <span class='ocrx_word' id='word_1_109' title='bbox 1272 3498 1314 3568; x_wconf 87' lang='lat' dir='ltr'>et</span> 
     </span>
     <span class='ocr_line' id='line_1_20' title="bbox 278 3653 441 3738; baseline -0.025 -28"><span class='ocrx_word' id='word_1_110' title='bbox 278 3653 441 3738; x_wconf 85' lang='lat' dir='ltr'>sepone.</span> 
     </span>
    </p>
   </div>
   <div class='ocr_carea' id='block_1_8' title="bbox 522 3937 1064 4012">
    <p class='ocr_par' dir='ltr' id='par_1_8' title="bbox 522 3937 1064 4012">
     <span class='ocr_line' id='line_1_21' title="bbox 522 3937 1064 4012; baseline -0.013 1"><span class='ocrx_word' id='word_1_111' title='bbox 522 3943 714 4012; x_wconf 86' lang='lat' dir='ltr'>ACIDUM</span> <span class='ocrx_word' id='word_1_112' title='bbox 736 3937 1064 4010; x_wconf 85' lang='lat' dir='ltr'><strong>MURIATICUM.</strong></span> 
     </span>
    </p>
   </div>
   <div class='ocr_carea' id='block_1_9' title="bbox 279 4162 1161 4302">
    <p class='ocr_par' dir='ltr' id='par_1_9' title="bbox 279 4162 1161 4302">
     <span class='ocr_line' id='line_1_22' title="bbox 279 4162 1161 4302; baseline -0.011 -46"><span class='ocrx_word' id='word_1_113' title='bbox 279 4189 312 4268; x_wconf 67' lang='grc' dir='ltr'>Β»</span> <span class='ocrx_word' id='word_1_114' title='bbox 335 4171 453 4302; x_wconf 76' lang='lat' dir='ltr'>Scdae</span> <span class='ocrx_word' id='word_1_115' title='bbox 474 4167 662 4254; x_wconf 87' lang='lat' dir='ltr'>Muriatis</span> <span class='ocrx_word' id='word_1_116' title='bbox 682 4165 892 4250; x_wconf 85' lang='lat' dir='ltr'>exsiccatae</span> <span class='ocrx_word' id='word_1_117' title='bbox 910 4162 1031 4246; x_wconf 89' lang='lat' dir='ltr'>libras</span> <span class='ocrx_word' id='word_1_118' title='bbox 1050 4163 1161 4258; x_wconf 85' lang='lat' dir='ltr'>duas,</span> 
     </span>
    </p>
   </div>
   <div class='ocr_carea' id='block_1_10' title="bbox 0 0 1494 4942">
    <p class='ocr_par' dir='ltr' id='par_1_10' title="bbox 0 0 1494 4942">
     <span class='ocr_line' id='line_1_23' title="bbox 0 0 1494 4942; baseline 0 4"><span class='ocrx_word' id='word_1_119' title='bbox 0 0 1494 4942; x_wconf 95' lang='lat' dir='ltr'> </span> 
     </span>
    </p>
   </div>
  </div>
 </body>
</html>
