2978 4942
253 463 382 548 xxviii
702 491 919 544 Pansnrro.

168 714 170 722 .
254 677 379 762 guam
397 646 560 761 penitus
579 674 730 730 novam
748 647 862 760 loqui
882 647 1080 731 didicerit.
1120 649 1220 731 Non
1239 651 1303 732 ul-

256 814 382 896 terius
404 812 527 923 igitur
546 811 831 924 spatium-esse
861 839 989 892 morae
1007 809 1181 906 videtur,
1201 809 1301 918 quin

258 975 655 1057 medicamentorum
689 973 876 1056 omnium
909 971 1015 1053 vires
1045 983 1087 1052 et
1114 983 1302 1054 naturam

258 1166 353 1218 cum
373 1138 534 1223 summa
549 1133 762 1246 diligentia
775 1135 1090 1246 perpendamus,
1105 1146 1151 1214 ut
1164 1133 1197 1213 si
1216 1133 1304 1214 fue-

259 1294 355 1390 rint,
370 1321 463 1403 quae
490 1291 556 1375 vel
584 1293 769 1377 obsoleta
786 1292 852 1376 vel
878 1320 1125 1402 supervacua
1146 1291 1305 1402 judice-

262 1490 367 1560 mus,
386 1460 478 1554 loco
498 1489 746 1546 moveamus.

318 1781 612 1862 Antecessores
626 1781 755 1861 nostri
767 1779 992 1893 plurimum
1009 1781 1105 1860 sane
1124 1781 1308 1863 contule-

262 1953 359 2023 umt
377 1941 431 2024 ad
464 1939 623 2051 singula
642 1940 1124 2051 certiuspromptiusque
1144 1940 1312 2020 confici-

264 2095 399 2197 enda;
420 2100 510 2207 jam
537 2107 629 2178 tum
656 2095 768 2198 enim
791 2094 1075 2205 Philosophiae
1103 2095 1174 2176 lux
1202 2125 1310 2177 nova

265 2255 537 2354 exoriebatur,
566 2283 660 2366 quae
687 2254 872 2364 pristinae
906 2252 1133 2366 disciplinae
1171 2254 1313 2336 nubila

265 2409 523 2504 discutiebat,
542 2402 782 2490 formidines
804 2435 928 2488 vanas
948 2434 1041 2487 cum
1060 2403 1241 2487 tenebris
1261 2398 1324 2486 εἰ-Ι

267 2569 357 2653 mul
375 2569 552 2679 fugabat,
573 2579 727 2650 secreta
755 2559 933 2680 d'enique
954 2568 1125 2650 Naturae
1145 2569 1313 2650 eatenus

269 2734 519 2828 recludebat,
548 2730 723 2842 utquid
756 2730 1027 2850 incongruum
1066 2742 1185 2824 esset,
1214 2727 1315 2840 quid

269 2907 605 2987 consentaneum,
635 2919 825 3000 quaenam
862 2891 969 2972 inter
1007 2921 1050 2972 se
1077 2889 1315 3001 pugnantia,

271 3079 462 3163 quaenam
496 3050 540 3130 in
570 3050 868 3160 compositione
897 3051 1106 3164 aptissime
1135 3051 1319 3132 consoci-

273 3211 393 3307 anda,
408 3208 663 3292 medicorum
683 3207 812 3289 oculis
840 3207 976 3324 palam
995 3206 1163 3288 tandem
1182 3221 1320 3288 osten-

274 3370 402 3453 deret.
464 3368 546 3450 Sed
564 3397 614 3451 ea
631 3380 693 3450 est
716 3367 812 3448 artis
832 3369 1027 3466 conditio,
1046 3383 1092 3451 ut
1112 3372 1321 3454 emendari

278 3529 448 3644 quidem
466 3527 608 3642 possit,
628 3527 813 3610 absoluta
831 3525 948 3611 reddi
967 3556 1051 3610 non
1070 3529 1210 3642 possit.

339 3849 503 3932 Exinde
523 3850 646 3961 igitur
668 3850 712 3936 in
731 3878 859 3932 annos
874 3851 1055 3960 singulos
1070 3851 1224 3962 aliquid
1237 3881 1325 3937 me-

282 4013 432 4102 dicinae
448 4013 629 4120 accessit,
641 4041 777 4124 neque
791 4041 815 4094 a
828 4011 1012 4122 priorum
1031 4012 1221 4124 incoeptis
1235 4015 1326 4098 haec
