2972 4946
274 576 317 635 ss
450 513 677 647 Aruina,
702 562 765 634 nr
788 563 965 678 aonun
987 559 1146 636 sanas

274 727 452 840 amplius
472 731 716 830 excitentur,
737 743 779 814 et
798 732 898 813 cola.
939 731 1167 844 Liquorem
1187 737 1324 848 primo
1465 767 1469 802 ⁴

272 865 316 950 in
348 867 497 950 balneo
527 898 681 979 aquoso
715 897 928 979 consume·
947 869 1080 954 donec
1109 873 1326 955 cessaverit
1466 892 1467 982 ξ

274 1004 474 1089 ebullitio.
511 1004 623 1088 Dein
644 1005 768 1087 calori
786 1005 989 1116 gradatim
1009 1021 1129 1089 aucto
1150 1005 1331 1120 expona'

271 1155 314 1226 et
329 1141 481 1226 iterum
500 1171 699 1224 consume
714 1141 848 1225 donec
861 1141 1056 1253 pellicula
1070 1131 1309 1255 supernatet
1315 1179 1327 1246 ς

270 1279 508 1392 pelliculam
529 1279 706 1363 ablatam
722 1305 844 1391 super
859 1279 1041 1362 chartam
1056 1281 1241 1364 bibulam
1254 1309 1326 1364 ex·
1465 1365 1466 1372 a

271 1413 389 1496 sicca.
427 1414 585 1498 Iterum
605 1428 648 1498 et
666 1415 816 1527 saepius
837 1429 1101 1500 consumatur
1120 1417 1269 1530 liquor,
1285 1430 1327 1500 et
1464 1471 1465 1502 ;

270 1533 508 1670 pelliculam
527 1553 677 1638 eodem
697 1553 825 1635 modo
845 1553 959 1636 aufer
978 1567 1021 1638 et
1040 1555 1210 1638 exsicca.

540 1876 769 1945 POTASSAE
794 1877 1062 1945 CARBONAS.

270 2103 304 2196 Β.
324 2099 519 2212 Liquoris
539 2100 720 2184 Potassae
743 2100 1059 2190 Subcarbonatis
1079 2102 1294 2214 congium;

326 2373 511 2457 Acidum
532 2373 795 2457 carbonicum
810 2403 886 2486 per
897 2373 1125 2485 Liquorem
1142 2373 1322 2461 Potassae

272 2511 589 2632 Subcarbonatis
623 2511 667 2593 in
695 2539 791 2595 vase
822 2511 974 2595 idoneo
1007 2512 1242 2595 transmitte
1270 2513 1322 2594 ad

267 2647 435 2765 plenam
475 2633 782 2746 saturationem,
816 2661 858 2731 et
896 2651 996 2731 cola.
1057 2649 1241 2762 Vaporet
1273 2650 1322 2732 li-

268 2817 374 2901 quor
392 2787 549 2870 calatus
567 2798 611 2867 ut
625 2785 727 2867 fiant
742 2787 933 2896 crystalli,
946 2787 1129 2870 cavendo
1144 2815 1199 2869 ne
1213 2787 1323 2870 calor

267 2927 442 3038 gradum
467 2931 606 3006 120¹¹¹¹¹m
633 2925 833 3012 excedat„
877 2921 977 3022 Has,
999 2926 1129 3008 effuso
1148 2924 1322 3036 liquore,

269 3094 392 3176 super
412 3063 594 3146 chartam
613 3060 798 3144 bibulam
819 3061 988 3143 exsicca.

268 3395 271 3403 ι
326 3338 510 3422 Acidum
540 3309 805 3420 carbunicam
834 3335 1028 3418 facillime
1062 3333 1273 3418 obtinetur
1298 3365 1322 3417 e

229 3502 239 3524 ‘
270 3473 483 3560 Marmore
503 3473 597 3556 albo
618 3486 660 3554 et
681 3472 818 3558 Acido
839 3471 1075 3583 sulphurico
1096 3469 1240 3553 diluto.

485 3789 715 3861 POTASSAE
740 3787 1103 3860 SUBCARBONAS.

267 4031 301 4113 13,
322 4016 502 4100 Potassae
522 4016 697 4130 impurae
718 4016 906 4099 contritae
925 4016 1048 4099 libras
1067 4030 1163 4113 tres,

324 4159 463 4270 Aquae
511 4157 707 4242 ferventis
762 4137 937 4241 octarios
984 4169 1067 4240 tres
1116 4137 1212 4238 cum
1260 4183 1323 4236 se·
1468 4177 1469 4190 ¹

378 4296 523 4400 misse3
1313 4287 1320 4310 ’
