2978 4942
557 528 777 586 ransart-o.
1056 499 1170 585 'xxxi

138 687 295 784 dumve,
313 713 364 768 ea
389 684 577 782 retinere,
597 715 690 797 quae
708 685 829 770 rebus
849 684 1020 769 omnint
1038 687 1172 772 diver-

134 846 431 959 descriptores
451 844 494 928 in
514 875 565 930 eu
583 873 734 960 genere
758 845 963 958 principes
991 825 1173 960 imposu-

134 1007 271 1093 erant?
297 1009 437 1092 'Satius
452 1009 576 1122 igitur
591 1038 684 1092 esse
698 1009 934 1121 putavimus
949 1037 1024 1091 nos
1044 1009 1087 1092 in
1106 1038 1173 1092 ru-

134 1173 196 1255 dis
214 1172 369 1286 ingenii
389 1173 545 1255 crimen
561 1172 778 1272 incurrere,
796 1175 922 1286 quam
937 1200 1085 1284 anceps
1101 1169 1176 1252 ali·
1224 1225 1227 1232 ,

134 1337 247 1448 quid,
272 1350 319 1418 et
348 1336 485 1418 dubiae
514 1334 820 1446 significationis
853 1335 1081 1432 adurittera
1110 1346 1180 1417 aut

134 1521 233 1577 voce
250 1496 336 1576 aaa
350 1507 472 1606 atque
486 1493 613 1576 altera
631 1496 681 1577 ab
697 1495 885 1578 universt
895 1495 1177 1578 ehem‘icorum

138 1655 430 1739 consuetudine
454 1652 678 1736 dissentire.
723 1670 725 1680 ’
824 1632 829 1644 ’

195 1963 323 2057 Quod
338 1964 389 2047 ad
404 1965 675 2049 mutationem
691 1947 836 2050 attinet
851 1995 973 2078 quam
994 1969 1036 2050 in
1058 1969 1179 2054 Men-

141 2119 241 2202 suris
262 2118 510 2230 liquidorum
527 2118 660 2202 facere
679 2119 944 2219 instituimus,
957 2151 1005 2204 ea
1019 2152 1113 2206 cum
1128 2127 1179 2206 ab

139 2285 328 2368 omnibus
357 2283 514 2366 dudum
544 2283 762 2395 efflagitata
798 2283 932 2383 fuerit,
961 2315 1015 2370 ne
1044 2285 1180 2370 studio

139 2445 331 2529 novitatis
358 2445 447 2528 fieri
476 2445 745 2544 existimetur,
765 2477 849 2530 non
869 2462 932 2532 est
946 2479 1018 2532 cur
1036 2450 1180 2534 timea

138 2637 240 2692 mus.
275 2607 391 2691 Idem
407 2636 559 2688 nomen
574 2606 823 2718 liquidorum
838 2636 1054 2705 mensurae,
1069 2607 1180 2692 idem

139 2769 365 2852 solidorum
393 2767 578 2880 ponderi,
608 2767 707 2864 dari,
733 2794 912 2850 errorem
941 2768 1182 2879 frequentis-

141 2928 244 3011 sime
280 2929 452 3011 induxit.
514 2927 631 3010 Illam
666 2943 803 3012 autem
841 2959 1087 3029 mensuram,
1117 2931 1182 3015 cui
1315 3025 1318 3034 ³

145 3057 296 3206 Congio
316 3119 468 3172 nomeu
498 3103 572 3187 est,
592 3103 634 3172 et
662 3095 775 3202 cujus
796 3081 993 3204 capacitas
1022 3123 1046 3176 a
1066 3095 1183 3208 Rege

143 3261 184 3329 et
219 3249 372 3331 Senatu
404 3251 640 3362 praescripta
670 3264 745 3347 est,
782 3265 939 3334 mutare
973 3281 1057 3335 non
1095 3254 1182 3336 ausi

143 3438 296 3507 sumus,
327 3383 399 3492 sed
432 3411 473 3496 in
508 3425 641 3525 partes
674 3441 749 3523 pro
788 3411 954 3495 arbitrio
988 3413 1182 3512 dividere,

144 3579 185 3648 et
212 3567 433 3677 unicuique
470 3567 637 3651 titulum
669 3568 882 3682 assignare,
911 3600 996 3653 non
1024 3571 1183 3655 licitum

143 3728 282 3826 modi),
312 3729 384 3810 sed
403 3728 524 3810 officii
554 3759 642 3812 esse
670 3731 797 3813 nostri
826 3731 1030 3816 duximus.

201 4046 324 4138 Quod
343 4059 537 4156 superest,
557 4075 647 4129 eam
666 4077 741 4129 nos
771 4048 814 4129 in
841 4049 921 4130 hoc
940 4079 1064 4162 opere
1092 4081 1183 4162 per-

149 4200 321 4286 ficiendo
350 4205 548 4290 rationem
578 4207 810 4292 adhibuisse
840 4239 1060 4324 speramus,
1089 4241 1182 4322 quae
