2978 4942
552 527 554 535 ,
584 449 743 518 serni.
1139 456 1183 518 aa

44 661 47 670 ·
177 603 180 610 ’
206 609 328 694 Acidi
347 610 568 722 sulphuriei
581 612 758 722 pondere
776 610 913 694 uncias
932 601 1094 722 viginti*

206 747 341 858 Aquae
359 747 573 829 destillatae
591 747 789 830 octarium
809 773 903 830 cum
923 746 1089 830 semisse
1104 782 1117 848 3

206 1011 387 1096 Acidum
417 1041 512 1095 eum
532 1014 668 1124 Aquae
695 1009 846 1096 o'ctario
875 1009 1046 1094 dimidio
1075 1011 1187 1123 prius

147 1143 192 1226 in
213 1148 365 1229 retorti
381 1147 510 1230 vitreis
538 1147 677 1244 misce,
703 1159 745 1229 et
762 1146 839 1243 his,
858 1145 928 1228 ubi
947 1143 1187 1240 refrixerint,

151 1280 275 1362 Sodae
288 1279 510 1365 Muriatem
523 1283 662 1394 adjice.
703 1285 838 1394 Aquae
857 1281 969 1393 quod
986 1281 1188 1391 reliquum

147 1432 212 1500 est
232 1417 275 1500 in
294 1420 595 1532 receptaculum
614 1417 809 1522 infunde3
828 1431 931 1516 tum,
950 1420 1101 1500 retorti
1119 1445 1189 1528 ap-

145 1557 247 1651 tate,
266 1554 309 1636 in
327 1556 433 1638 hanc
451 1583 597 1667 aquam
620 1569 798 1639 transeat
812 1554 993 1638 Acidum
1008 1552 1189 1636 muriati-

148 1719 247 1772 eum
267 1690 515 1776 destillatum
540 1721 591 1776 ex
618 1692 766 1776 balneo
785 1719 931 1789 arenas,
952 1689 1083 1774 calore
1101 1719 1190 1802 gra·

147 1821 281 1905 datim
300 1836 433 1922 aucto,
452 1824 585 1907 donec
603 1837 755 1908 retorta
772 1825 967 1907 rubescat

209 2067 334 2174 Acidi
367 2092 568 2176 muriatici
600 2092 761 2205 pondus
785 2093 1018 2205 specificum
1052 2105 1115 2176 est
1141 2091 1194 2174 ad

151 2223 292 2336 Aquae
310 2225 523 2310 destillatae
548 2229 709 2342 pondus
732 2229 986 2341 specificum,
1005 2243 1051 2312 ut
1074 2235 1192 2322 1.,160

151 2361 206 2444 ad
231 2366 361 2443 1.000.

213 2631 335 2714 Sodae
350 2631 659 2717 Subcarbonatis
678 2635 967 2746 crystallorum
977 2661 1102 2746 grana
1117 2637 1194 2714 124

152 2769 205 2850 ab
226 2766 347 2878 hujus
366 2767 470 2850 acidi
487 2768 622 2880 granis
646 2783 811 2852 centum
831 2782 1068 2852 saturantur.

446 3085 638 3192 scieura
660 3047 912 3154 urrsrcuu.

156 3320 191 3401 Β,
212 3307 390 3390 Potassae
409 3308 581 3392 Nitratis
601 3303 823 3406 exsiccate,

216 3443 339 3526 Acidi
359 3443 591 3556 sulphuriei,
612 3443 863 3555 singulorum
876 3447 1052 3554 pondere
1076 3443 1197 3526 libras

271 3579 395 3681 duas;
894 3600 895 3604 ‘

143 3845 145 3854 ’
216 3848 349 3932 Misce
376 3849 419 3930 in
452 3847 604 3932 retorti
628 3849 769 3947 vitrei,
788 3862 878 3932 tum
897 3847 1197 3932 balneo'arenae

159 3983 338 4066 destillet
358 3983 537 4067 Acidum
556 3985 762 4084 uitricum,
781 3985 913 4067 donec
930 4011 1056 4094 vapor
1075 3982 1197 4062 ruber

15 4139 16 4232 ᾖ
161 4120 339 4228 prodeat.
399 4120 522 4222 Dein,
542 4119 699 4230 adjecti
727 4122 891 4232 insuper
922 4120 1099 4202 Potassae
1119 4115 1197 4198 Ni-
