2978 4942
557 491 774 546 rammam.
1098 460 1200 550 xxix

156 667 253 736 aetas
273 663 412 734 nostra
425 647 656 748 declinavit,
668 607 769 763 quin
781 664 826 735 et
840 650 1078 734 morborum
1097 679 1200 762 quo-

154 815 329 900 rundam
358 813 474 924 signa
493 813 715 895 accuratius
745 811 947 926 exposuit,
967 827 1009 895 et
1036 812 1203 924 quibus·

154 979 254 1060 dam
273 959 456 1060 remedia
466 973 595 1086 magis
614 975 765 1058 idonea
782 976 946 1088 reperit,
961 988 1052 1058 tum
1071 975 1202 1058 medi-

158 1150 442 1220 camentorum
458 1136 535 1218 alia
564 1135 726 1220 inutilia
739 1150 782 1221 et
801 1137 942 1250 inepta
955 1139 1108 1249 rejecit,
1127 1138 1205 1221 alia

156 1299 384 1382 valentiora
402 1328 478 1381 usu
491 1312 532 1381 et
552 1301 769 1384 autoritate
788 1301 1094 1414 comprobavit3
1114 1303 1205 1384 uni-

157 1487 276 1541 versa
306 1459 430 1540 etiam
463 1471 534 1541 aut
562 1471 738 1541 scrutata
765 1473 828 1542 est
856 1460 1106 1573 diligentius,
1136 1473 1208 1543 aut

159 1618 372 1730 quomodo
386 1617 556 1730 peritiirs
568 1633 879 1732 componantur,
892 1619 1067 1703 edocuit.
1101 1620 1208 1703 Crim

159 1809 237 1864 nos
268 1753 392 1889 igitur
420 1776 473 1861 ad
499 1776 701 1887 hocopus
726 1777 1103 1889 recognoscendum
1123 1777 1210 1860 ani-
1315 1841 1317 1846 -

162 1967 283 2024 mum
313 1938 494 2050 primitm
523 1937 790 2036 intendimus,
820 1940 950 2022 multa
978 1940 1211 2022 invenimus

162 2129 261 2212 quae
290 2127 384 2180 cum
412 2097 654 2211 perfectiore
687 2113 839 2184 nostrae
872 2099 968 2181 artis
997 2097 1213 2210 disciplina

165 2259 279 2342 male
308 2260 601 2369 congruebant,
629 2259 747 2370 plura
783 2259 932 2372 quibus
970 2259 1214 2342 abhorrebat

166 2415 330 2500 erudita
341 2416 411 2497 illa
421 2445 557 2498 rerum
574 2416 907 2527 appellandarum
921 2444 1078 2514 norma,
1091 2445 1213 2528 quam

167 2576 329 2657 interea
347 2574 505 2684 physici
521 2573 862 2686 excogitaverant,
874 2569 1072 2657 nonnulla
1087 2576 1215 2658 'etiarn

170 2763 269 2845 quae
289 2734 383 2816 addi
395 2734 627 2845 postulabat
641 2733 767 2844 ipsius
787 2732 921 2844 operis
936 2734 1050 2830 ord0,
1063 2747 1105 2814 et
1119 2761 1216 2814 con-

172 2893 361 2976 cinnitas.
393 2893 493 2976 Non
514 2894 608 2977 ideo
623 2907 763 2975 tamen
782 2922 858 2978 nos
876 2892 1020 2980 fefellit
1039 2895 1217 2978 multum

172 3055 391 3152 molestiae,
428 3055 606 3138 multum
645 3055 769 3136 etiam
806 3053 989 3166 periculi,
1018 3083 1042 3136 a
1079 3057 1220 3139 crebra

175 3213 606 3324 Pharmacopoeiarum
631 3213 859 3296 mutatione
877 3216 1118 3325 provenire:
1149 3215 1222 3298 sed

176 3375 299 3458 nobis
328 3403 566 3486 persuasum
594 3389 693 3471 erat,
722 3404 770 3456 ea
797 3374 964 3456 tandem
994 3387 1036 3456 et
1065 3374 1224 3456 stabilia

178 3532 362 3614 maxime
382 3545 424 3614 et
454 3509 567 3614 utilia
585 3533 683 3631 fore,
704 3565 796 3644 quae
816 3563 910 3616 cum
938 3537 1049 3616 recta
1067 3533 1225 3638 ratione

181 3693 407 3775 arctissime
427 3692 703 3774 convenirent.
737 3693 893 3786 Quibus
912 3691 1136 3803 perpensis,
1151 3719 1226 3772 no-

184 3856 300 3951 mina
313 3852 624 3938 medicamentis
637 3853 746 3951 dare,
759 3853 959 3964 quantum
978 3851 1066 3932 fieri
1078 3849 1226 3961 potuit,

185 4011 383 4124 legitima,
403 4025 446 4095 et
459 4025 615 4093 naturae
634 4016 828 4124 cujusque
852 4010 1129 4123 congruentia,
1149 4021 1228 4106 sta-

188 4169 368 4252 tuimus:
400 4171 457 4252 sic
481 4185 633 4270 tamen,
653 4186 698 4255 ut
725 4171 1031 4284 provideremus
1051 4201 1104 4253 ne
1131 4170 1230 4252 titu-
