2972 4946
290 505 332 564 42
470 495 655 576 TERRAE,
679 495 742 563 ET
763 495 936 564 EARUM
959 494 1110 563 SALES

346 654 395 737 In
414 652 583 735 frustula
602 652 821 748 contunde,
850 652 961 734 etin
993 653 1199 737 crucibulo
1228 652 1323 764 igne

290 790 485 873 acerrimo
513 819 585 872 ure
612 819 686 901 per
712 789 868 885 horam,
888 790 953 872 vel
982 790 1114 872 donec
1143 790 1322 874 Acidum

289 925 548 1011 carbonicum
566 925 729 1041 penitus
750 925 964 1036 expulsum
993 925 1127 1024 fuerit,
1147 927 1249 1010 adeo
1278 939 1323 1008 ut

291 1057 470 1144 Acidum
509 1061 711 1143 aceticum·
747 1058 922 1142 dilutum
957 1060 1159 1171 adjectum
1192 1059 1321 1142 nullas
1452 1050 1455 1061 ¹

289 1195 462 1278 bullulas
482 1193 641 1277 excitet.

624 1507 751 1574 CALX
774 1507 804 1572 E
824 1507 997 1575 TESTIS.

239 1800 244 1810 .
347 1734 505 1819 Eodem
526 1733 649 1816 modo
672 1731 772 1814 Calx
790 1731 862 1814 fiat
880 1730 1004 1822 etiam
1024 1733 1047 1814 ὲ
1067 1731 1209 1814 Testis.

611 2047 799 2127 -LIQUOR
822 2047 999 2114 CALssls.

292 2287 326 2366 132
355 2272 483 2355 Calcis
503 2272 703 2370 selibram,

349 2409 483 2519 Aquae
502 2407 714 2491 destillatae
733 2404 904 2489 octarios
924 2405 1166 2536 duoclecim3
1261 2485 1264 2492 ,

349 2679 458 2762 Calci
479 2682 643 2790 Aquam
663 2678 838 2775 affunde,
859 2692 900 2760 et
920 2677 1040 2760 simul
1072 2677 1206 2788 agita3
1235 2689 1323 2760 tum
1413 2669 1415 2673 ’

290 2816 475 2928 protinus
512 2845 582 2898 vas
619 2829 804 2926 contege,
833 2828 875 2896 et
912 2843 1064 2924 sepone
1096 2843 1170 2926 per
1207 2797 1324 2897 horas
1456 2857 1457 2862 Ν

290 2967 397 3053 tres;
426 2952 521 3034 dein
541 2951 765 3060 Liquorem
794 2977 888 3030 curn
910 2947 1029 3030 Calce
1049 2947 1264 3058 superstite
1282 2947 1322 3028 in
1456 3049 1457 3062 Ν

292 3088 396 3170 vasis
414 3087 552 3169 vitreis
571 3085 768 3168 obturatis
788 3115 913 3182 serva,
942 3098 996 3182 et,
1025 3085 1095 3168 ubi
1126 3085 1323 3196 utendum

292 3236 367 3319 est,
386 3253 438 3305 ex
456 3222 628 3334 limpido
649 3221 829 3331 Liquore
849 3237 975 3302 sume.

490 3567 491 3572 ¹
619 3537 786 3604 cunels
807 3535 1001 3604 MURIAS.

291 3780 325 3858 R
352 3763 451 3846 Salis
471 3760 540 3871 qui
561 3774 683 3843 restat
696 3773 790 3871 post
805 3759 1134 3842 sublimationem
1151 3760 1320 3843 Ammo-

401 3895 482 3976 niae
505 3892 815 3975 Subcarbonatis
834 3889 955 3974 libras
974 3893 1086 3989 duas,

346 4033 482 4141 Aquae
501 4029 696 4112 octarium
712 4066 722 4131 ;
