2978 4942
197 485 200 506 =
282 453 370 526 xxx
689 463 906 522 ruurrrro.

282 618 418 702 lorum
436 613 699 728 amplificatio
718 617 902 712 medicus
920 617 1131 730 impediat.
1172 619 1217 702 Si
1231 621 1328 732 ¹plu.
1476 683 1477 688 i

278 777 393 865 ribus
411 776 536 888 igitur
554 777 761 863 vocabulis
772 807 885 892 opus
897 777 1034 878 fuerit,
1055 791 1104 862 ut
1117 779 1176 864 rei
1195 785 1329 892 cujus-

278 941 394 1054 piam
414 939 757 1050 compositionem
778 939 994 1026 manifeste
1018 939 1060 1022 in
1081 939 1327 1052 appellando

280 1101 555 1214 designemus,
567 1102 609 1187 ei
620 1102 859 1214 simplicius,
875 1102 951 1192 etsi
967 1101 1103 1186 minus
1118 1101 1326 1186 eruditum

280 1289 510 1376 cognomen
529 1289 736 1378 opponere
756 1261 987 1344 maluimus.

329 1581 458 1678 Quod
476 1580 529 1662 ad
542 1607 622 1664 uos
639 1580 800 1676 attinet,
820 1569 923 1660 nihil
946 1576 1095 1659 laboris
1122 1575 1323 1662 detrecta-

257 1773 258 1776 ‘
278 1738 411 1822 vimus
427 1766 513 1850 quo
532 1737 684 1820 librum
697 1738 811 1821 hune
831 1741 954 1850 quem
978 1734 1320 1848 perfectissimum

273 1896 502 1984 manus.
562 1898 662 1980 Non
692 1899 749 1982 ite
775 1879 930 1997 tomen,
949 1911 1002 1980 ut'
1025 1896 1216 1978 omnibus
1244 1924 1320 1976 nos

275 2058 547 2144 satisfacturos
566 2087 669 2158 esse,
684 2059 749 2144 vel
770 2087 924 2142 errores
942 2057 1076 2140 nullos
1096 2055 1319 2154 admisisse,

271 2219 554 2322 confidamuo3
578 2249 686 2330 -quos
707 2219 832 2331 siquis
852 2220 1032 2332 asperius
1047 2231 1188 2302 notare
1203 2215 1319 2298 uolu-

272 2380 365 2476 erit,
379 2392 542 2492 reputet
555 2379 682 2464 modo
696 2393 897 2490 quantum
913 2393 954 2462 et
968 2379 1172 2462 varietatis
1187 2391 1229 2461 et
1242 2377 1321 2464 dif-

271 2539 464 2625 ficultatis
481 2539 716 2650 hujusmodi
736 2567 841 2650 opus
866 2538 1136 2650 amplectitur,
1157 2550 1199 2619 et
1216 2566 1317 2647 pau-

267 2701 329 2784 eis
347 2701 518 2784 maculis
536 2728 621 2782 non
642 2699 844 2782 offensum
874 2699 923 2780 iri
953 2697 1316 2810 speramuu-Sed

269 2858 361 2942 haee
385 2858 592 2966 haetenus.

324 3178 526 3273 Quaedam
560 3205 658 3260 vero
705 3175 896 3258 obnixius
935 3175 1167 3258 excusanda
1203 3187 1311 3272 sunt,

264 3365 362 3446 quae
380 3335 594 3418 videantur
612 3348 682 3416 aut
700 3334 792 3446 plus
811 3339 937 3447 quim
957 3337 1053 3419 satis
1073 3349 1135 3418 est
1163 3337 1213 3418 ab
1234 3362 1312 3416 usu

261 3499 452 3612 populari
468 3497 693 3594 discedere,
712 3511 759 3579 ut
779 3500 988 3595 Anthemu,
1008 3511 1078 3580 aut
1098 3495 1312 3580 horridum

258 3667 367 3778 quid
399 3694 446 3748 ae
474 3663 689 3746 barborum
719 3689 874 3758 sonare,
913 3673 959 3741 ut
988 3662 1163 3740 Potussu.
1222 3653 1310 3738 Diu

260 3841 404 3911 ,tomen
434 3823 680 3906 restitimus:
719 3822 793 3906 sed
820 3821 921 3932 quid
949 3833 1091 3902 contra
1120 3815 1308 3898 omnium

265 3987 532 4100 Physicorum
571 3983 829 4070 autoritatem
858 3981 1004 4078 fecere,
1035 3993 1105 4064 aut
1134 3979 1215 4090 qui·
1232 4005 1309 4088 po-

258 4149 417 4238 tuimur
437 4147 606 4232 nomina
625 4143 896 4242 Animalium‚
917 4141 1162 4239 Herbarum,
1183 4138 1308 4250 Lapi-
