2972 4946
546 494 817 576 EXTRACTA.
1131 505 1185 566 101

160 653 162 664 ’
202 651 409 772 ,Βθοοᾳιιθ
438 662 491 743 ad
518 664 690 746 octarios
724 673 908 772 quatuor,
928 672 970 741 et
988 659 1187 772 liquorem

155 789 288 881 adhuc
308 798 507 880 calentem
529 798 634 899 cola3
662 797 839 908 denique
864 823 959 878 eum
980 787 1184 892 consume,

155 931 288 1014 donec
307 931 496 1013 idoneam
516 929 820 1012 crassitudinem
839 923 995 1010 habeat

360 1245 666 1314 EXTRACTUM
688 1244 984 1313 HYOSOYAML

153 1487 188 1566 13,
208 1469 457 1581 Hyoscyami
477 1469 686 1555 Foliorum
700 1468 925 1552 recentium
944 1468 1086 1550 libram
1096 1469 1124 1572 ;'‘

152 1789 155 1796 ·
210 1739 426 1824 Contunde
445 1740 488 1822 in
508 1739 699 1822 mortario
718 1739 891 1852 lapideo,
911 1738 1092 1852 insperso
1111 1767 1180 1822 ex-

150 1879 248 1989 iguo
270 1879 423 1988 Aquae3
457 1876 552 1958 dein
583 1876 766 1986 exprime
794 1873 971 1974 succum,
1004 1903 1180 1988 eumque

149 2043 236 2096 non
256 2013 495 2094 defaecatum
511 2039 716 2110 consume,
729 2012 860 2095 donec
875 2013 1064 2097 idoneam
1076 2041 1178 2096 cras-

150 2149 372 2233 situdinem
391 2148 559 2231 habeat·
967 2189 1023 2276 Ar·

960 2301 964 2310 .

955 2313 979 2388 l*

401 2457 707 2533 nxruncrum
726 2467 930 2535 mamm.
970 2413 1113 2546 Ὅ
1123 2432 1126 2440 ‘

145 2705 184 2783 Β,
202 2688 355 2800 Jalapae
375 2683 744 2774 Radicis‘contritae
758 2692 915 2790 libram,
1046 2687 1049 2694 ’
1119 2681 1121 2688 ’

206 2824 378 2935 Spiritus
396 2825 603 2907 rectificati
623 2827 795 2909 octarios
810 2840 993 2938 quatuor,

205 2959 339 3069 Aquae
358 2961 569 3070 congium3

205 3227 370 3312 Macera
404 3231 558 3342 Jalapae
596 3231 792 3316 Radicem
835 3233 877 3313 in
920 3231 1070 3342 Spiritu
1102 3261 1176 3344 per

145 3357 422 3475 quatriduum,
442 3377 484 3446 et
501 3364 717 3446 tincturam
737 3366 911 3448 effimde.
948 3357 1176 3449 Residuum

144 3525 200 3578 ex
220 3497 344 3606 Aquis
361 3497 543 3606 decoque
558 3497 609 3577 ad
623 3497 793 3579 octarios
809 3498 920 3580 duos.
952 3498 1061 3580 Dein
1072 3498 1175 3580 tino-

143 3647 279 3714 turam
298 3634 568 3714 etdecoctum
581 3634 794 3744 separatim
807 3634 906 3730 cola,
926 3647 968 3715 et
986 3635 1065 3716 hoc
1079 3663 1175 3716 con-

144 3782 340 3866 sumatur,
371 3769 439 3850 illa
470 3766 659 3866 destillet,
688 3770 819 3851 donec
837 3783 1054 3881 utrumque
1074 3770 1174 3880 spis-

139 3893 288 3988 sescat,
363 3906 573 3987 Postremo
612 3905 849 3987 Extractum
888 3934 980 3987 cum
1020 3905 1175 3986 Resina

140 4041 283 4137 misce,
304 4053 346 4124 et
360 4071 566 4139 consume,
586 4041 717 4126 donec
736 4042 925 4125 idoneam
945 4041 1173 4125 crassitudi-

139 4207 240 4260 nem
255 4179 410 4276 habeat.
