<?xml version="1.0" encoding="UTF-8"?>
<!DOCTYPE html PUBLIC "-//W3C//DTD XHTML 1.0 Transitional//EN"
    "http://www.w3.org/TR/xhtml1/DTD/xhtml1-transitional.dtd">
<html xmlns="http://www.w3.org/1999/xhtml" xml:lang="en" lang="en">
 <head>
  <title>
</title>
<meta http-equiv="Content-Type" content="text/html;charset=utf-8" />
  <meta name='ocr-system' content='tesseract 3.04.00' />
  <meta name='ocr-capabilities' content='ocr_page ocr_carea ocr_par ocr_line ocrx_word'/>
</head>
<body>
  <div class='ocr_page' id='page_1' title='image "./pharmacopoeiaco00londgoog_0045.png"; bbox 0 0 2978 4942; ppageno 0'>
   <div class='ocr_carea' id='block_1_1' title="bbox 787 477 807 531">
    <p class='ocr_par' dir='ltr' id='par_1_1' title="bbox 787 477 807 531">
     <span class='ocr_line' id='line_1_1' title="bbox 787 477 807 531; baseline 0 0"><span class='ocrx_word' id='word_1_1' title='bbox 787 477 807 531; x_wconf 72' lang='lat'>2</span> 
     </span>
    </p>
   </div>
   <div class='ocr_carea' id='block_1_2' title="bbox 276 623 1321 1144">
    <p class='ocr_par' dir='ltr' id='par_1_2' title="bbox 276 623 1321 1144">
     <span class='ocr_line' id='line_1_2' title="bbox 333 623 1321 738; baseline -0.005 -30"><span class='ocrx_word' id='word_1_2' title='bbox 333 626 529 710; x_wconf 85' lang='lat' dir='ltr'><strong>Mensura</strong></span> <span class='ocrx_word' id='word_1_3' title='bbox 559 627 682 708; x_wconf 86' lang='lat' dir='ltr'>etiam</span> <span class='ocrx_word' id='word_1_4' title='bbox 716 626 965 738; x_wconf 91' lang='lat' dir='ltr'>liquidorum</span> <span class='ocrx_word' id='word_1_5' title='bbox 993 626 1130 737; x_wconf 84' lang='lat' dir='ltr'>dispar</span> <span class='ocrx_word' id='word_1_6' title='bbox 1149 629 1223 721; x_wconf 80' lang='lat' dir='ltr'>est,</span> <span class='ocrx_word' id='word_1_7' title='bbox 1243 623 1321 704; x_wconf 87' lang='lat' dir='ltr'>alia</span> 
     </span>
     <span class='ocr_line' id='line_1_3' title="bbox 277 760 1320 874; baseline -0.006 -28"><span class='ocrx_word' id='word_1_8' title='bbox 277 762 494 860; x_wconf 75' lang='lat' dir='ltr'>cerevisiae,</span> <span class='ocrx_word' id='word_1_9' title='bbox 514 761 592 844; x_wconf 91' lang='lat' dir='ltr'>alia</span> <span class='ocrx_word' id='word_1_10' title='bbox 609 763 706 844; x_wconf 89' lang='lat' dir='ltr'>vino</span> <span class='ocrx_word' id='word_1_11' title='bbox 734 760 899 874; x_wconf 91' lang='lat' dir='ltr'>propria</span> <span class='ocrx_word' id='word_1_12' title='bbox 915 798 926 864; x_wconf 89' lang='lat'>;</span> <span class='ocrx_word' id='word_1_13' title='bbox 954 761 1225 872; x_wconf 80' lang='lat' dir='ltr'>posteriorem</span> <span class='ocrx_word' id='word_1_14' title='bbox 1244 787 1320 841; x_wconf 90' lang='lat' dir='ltr'>nos</span> 
     </span>
     <span class='ocr_line' id='line_1_4' title="bbox 276 893 1321 1008; baseline -0.009 -29"><span class='ocrx_word' id='word_1_15' title='bbox 276 898 530 995; x_wconf 87' lang='lat' dir='ltr'>adhibemus,</span> <span class='ocrx_word' id='word_1_16' title='bbox 569 897 851 1008; x_wconf 89' lang='lat' dir='ltr'>mensurisque</span> <span class='ocrx_word' id='word_1_17' title='bbox 883 895 1134 1006; x_wconf 92' lang='lat' dir='ltr'>liquidorum</span> <span class='ocrx_word' id='word_1_18' title='bbox 1164 893 1321 974; x_wconf 87' lang='lat' dir='ltr'>utimur</span> 
     </span>
     <span class='ocr_line' id='line_1_5' title="bbox 277 1031 886 1144; baseline -0.002 -32"><span class='ocrx_word' id='word_1_19' title='bbox 277 1060 328 1112; x_wconf 89' lang='lat' dir='ltr'>ex</span> <span class='ocrx_word' id='word_1_20' title='bbox 349 1033 495 1144; x_wconf 90' lang='lat' dir='ltr'>congio</span> <span class='ocrx_word' id='word_1_21' title='bbox 515 1033 670 1115; x_wconf 91' lang='lat' dir='ltr'>vinario</span> <span class='ocrx_word' id='word_1_22' title='bbox 690 1031 886 1116; x_wconf 87' lang='lat' dir='ltr'>deductis.</span> 
     </span>
    </p>
   </div>
   <div class='ocr_carea' id='block_1_3' title="bbox 335 1301 1320 1415">
    <p class='ocr_par' dir='ltr' id='par_1_3' title="bbox 335 1301 1320 1415">
     <span class='ocr_line' id='line_1_6' title="bbox 335 1301 1320 1415; baseline -0.003 -30"><span class='ocrx_word' id='word_1_23' title='bbox 335 1301 514 1414; x_wconf 84' lang='lat' dir='ltr'>Congius</span> <span class='ocrx_word' id='word_1_24' title='bbox 534 1304 711 1387; x_wconf 90' lang='lat' dir='ltr'>vinarius</span> <span class='ocrx_word' id='word_1_25' title='bbox 730 1303 889 1415; x_wconf 90' lang='lat' dir='ltr'>legibus</span> <span class='ocrx_word' id='word_1_26' title='bbox 908 1303 1023 1414; x_wconf 93' lang='lat' dir='ltr'>regni</span> <span class='ocrx_word' id='word_1_27' title='bbox 1039 1301 1231 1385; x_wconf 87' lang='lat' dir='ltr'>definitus</span> <span class='ocrx_word' id='word_1_28' title='bbox 1247 1315 1320 1398; x_wconf 86' lang='lat' dir='ltr'>est,</span> 
     </span>
    </p>
   </div>
   <div class='ocr_carea' id='block_1_4' title="bbox 278 1437 1474 1551">
    <p class='ocr_par' dir='ltr' id='par_1_4' title="bbox 278 1437 1474 1551">
     <span class='ocr_line' id='line_1_7' title="bbox 278 1437 1474 1551; baseline -0.005 -29"><span class='ocrx_word' id='word_1_29' title='bbox 278 1469 402 1551; x_wconf 93' lang='lat' dir='ltr'>quem</span> <span class='ocrx_word' id='word_1_30' title='bbox 436 1441 488 1523; x_wconf 94' lang='lat' dir='ltr'>ad</span> <span class='ocrx_word' id='word_1_31' title='bbox 524 1470 620 1524; x_wconf 90' lang='lat' dir='ltr'>usus</span> <span class='ocrx_word' id='word_1_32' title='bbox 658 1439 921 1523; x_wconf 86' lang='lat' dir='ltr'>medicinales</span> <span class='ocrx_word' id='word_1_33' title='bbox 956 1438 1014 1520; x_wconf 89' lang='lat' dir='ltr'>sic</span> <span class='ocrx_word' id='word_1_34' title='bbox 1044 1437 1320 1549; x_wconf 85' lang='lat' dir='ltr'>dispertimus,</span> <span class='ocrx_word' id='word_1_35' title='bbox 1471 1506 1474 1517; x_wconf 88' lang='grc'>.</span> 
     </span>
    </p>
   </div>
   <div class='ocr_carea' id='block_1_5' title="bbox 277 1577 473 1658">
    <p class='ocr_par' dir='ltr' id='par_1_5' title="bbox 277 1577 473 1658">
     <span class='ocr_line' id='line_1_8' title="bbox 277 1577 473 1658; baseline -0.005 0"><span class='ocrx_word' id='word_1_36' title='bbox 277 1577 473 1658; x_wconf 81' lang='lat' dir='ltr'>uidelicet:</span> 
     </span>
    </p>
   </div>
   <div class='ocr_carea' id='block_1_6' title="bbox 787 2111 1322 2359">
    <p class='ocr_par' dir='ltr' id='par_1_6' title="bbox 787 2111 1322 2359">
     <span class='ocr_line' id='line_1_9' title="bbox 787 2111 1322 2208; baseline -0.007 -13"><span class='ocrx_word' id='word_1_37' title='bbox 787 2113 1092 2196; x_wconf 84' lang='lat' dir='ltr'>Fluidrachmas</span> <span class='ocrx_word' id='word_1_38' title='bbox 1112 2124 1219 2208; x_wconf 87' lang='lat' dir='ltr'>octo,</span> <span class='ocrx_word' id='word_1_39' title='bbox 1277 2111 1322 2207; x_wconf 82' lang='lat' dir='ltr'>f3</span> 
     </span>
     <span class='ocr_line' id='line_1_10' title="bbox 787 2248 1317 2359; baseline -0.008 -26"><span class='ocrx_word' id='word_1_40' title='bbox 787 2249 967 2334; x_wconf 91' lang='lat' dir='ltr'>Minima</span> <span class='ocrx_word' id='word_1_41' title='bbox 985 2248 1206 2359; x_wconf 85' lang='lat' dir='ltr'>sexaginta,</span> <span class='ocrx_word' id='word_1_42' title='bbox 1282 2289 1317 2349; x_wconf 64' lang='lat' dir='ltr'>a,</span> 
     </span>
    </p>
   </div>
   <div class='ocr_carea' id='block_1_7' title="bbox 281 2115 525 2198">
    <p class='ocr_par' dir='ltr' id='par_1_7' title="bbox 281 2115 525 2198">
     <span class='ocr_line' id='line_1_11' title="bbox 281 2115 525 2198; baseline 0.008 -2"><span class='ocrx_word' id='word_1_43' title='bbox 281 2115 525 2198; x_wconf 85' lang='lat' dir='ltr'>Fluiduncia</span> 
     </span>
    </p>
   </div>
   <div class='ocr_carea' id='block_1_8' title="bbox 280 1835 1321 2370">
    <p class='ocr_par' dir='ltr' id='par_1_8' title="bbox 280 1835 1321 2370">
     <span class='ocr_line' id='line_1_12' title="bbox 281 1846 1321 1958; baseline -0.002 -30"><span class='ocrx_word' id='word_1_44' title='bbox 281 1847 461 1958; x_wconf 85' lang='lat' dir='ltr'>Congius</span> <span class='ocrx_word' id='word_1_45' title='bbox 535 1848 568 1930; x_wconf 90' lang='lat' dir='ltr'>C</span> <span class='ocrx_word' id='word_1_46' title='bbox 789 1847 972 1930; x_wconf 84' lang='lat' dir='ltr'>Octarios</span> <span class='ocrx_word' id='word_1_47' title='bbox 992 1860 1085 1929; x_wconf 87' lang='lat' dir='ltr'>octo</span> <span class='ocrx_word' id='word_1_48' title='bbox 1284 1846 1321 1926; x_wconf 92' lang='grc' dir='ltr'>Ο</span> 
     </span>
     <span class='ocr_line' id='line_1_13' title="bbox 282 1977 1319 2133; baseline -0.004 -71"><span class='ocrx_word' id='word_1_49' title='bbox 282 1981 468 2063; x_wconf 86' lang='lat' dir='ltr'>Octarius</span> <span class='ocrx_word' id='word_1_50' title='bbox 612 2051 736 2133; x_wconf 61' lang='lat' dir='ltr'>habet</span> <span class='ocrx_word' id='word_1_51' title='bbox 787 1980 1048 2062; x_wconf 88' lang='lat' dir='ltr'>Fluiduncias</span> <span class='ocrx_word' id='word_1_52' title='bbox 1069 1977 1260 2074; x_wconf 87' lang='lat' dir='ltr'>sedecim,</span> <span class='ocrx_word' id='word_1_53' title='bbox 1273 1978 1319 2079; x_wconf 61' lang='lat' dir='ltr'>fg</span> 
     </span>
     <span class='ocr_line' id='line_1_14' title="bbox 280 1835 784 2370; baseline 0 -38"><span class='ocrx_word' id='word_1_54' title='bbox 280 2250 316 2332; x_wconf 88' lang='lat' dir='ltr'><strong>F</strong></span> <span class='ocrx_word' id='word_1_55' title='bbox 316 1835 604 2370; x_wconf 74' lang='lat' dir='ltr'>luidrachma}</span> <span class='ocrx_word' id='word_1_56' title='bbox 749 1835 784 2370; x_wconf 59' lang='grc' dir='ltr'><em>ἓ</em></span> 
     </span>
    </p>
   </div>
   <div class='ocr_carea' id='block_1_9' title="bbox 281 2520 1324 2770">
    <p class='ocr_par' dir='ltr' id='par_1_9' title="bbox 281 2520 1324 2770">
     <span class='ocr_line' id='line_1_15' title="bbox 336 2520 1324 2632; baseline -0.004 -30"><span class='ocrx_word' id='word_1_57' title='bbox 336 2520 469 2604; x_wconf 87' lang='lat' dir='ltr'>Notas</span> <span class='ocrx_word' id='word_1_58' title='bbox 503 2520 780 2632; x_wconf 90' lang='lat' dir='ltr'>apposuimus,</span> <span class='ocrx_word' id='word_1_59' title='bbox 809 2520 956 2632; x_wconf 89' lang='lat' dir='ltr'>quibus</span> <span class='ocrx_word' id='word_1_60' title='bbox 983 2547 1189 2631; x_wconf 92' lang='lat' dir='ltr'>quamque</span> <span class='ocrx_word' id='word_1_61' title='bbox 1207 2546 1324 2600; x_wconf 90' lang='lat' dir='ltr'>men-</span> 
     </span>
     <span class='ocr_line' id='line_1_16' title="bbox 281 2657 706 2770; baseline 0 -30"><span class='ocrx_word' id='word_1_62' title='bbox 281 2687 415 2740; x_wconf 92' lang='lat' dir='ltr'>suram</span> <span class='ocrx_word' id='word_1_63' title='bbox 435 2657 706 2770; x_wconf 88' lang='lat' dir='ltr'>designamus.</span> 
     </span>
    </p>
   </div>
   <div class='ocr_carea' id='block_1_10' title="bbox 276 3089 1479 4290">
    <p class='ocr_par' dir='ltr' id='par_1_10' title="bbox 276 3089 1331 3606">
     <span class='ocr_line' id='line_1_17' title="bbox 337 3089 1331 3198; baseline -0.004 -26"><span class='ocrx_word' id='word_1_64' title='bbox 337 3093 406 3172; x_wconf 90' lang='lat' dir='ltr'>Ne</span> <span class='ocrx_word' id='word_1_65' title='bbox 437 3093 521 3198; x_wconf 79' lang='lat' dir='ltr'>qnia</span> <span class='ocrx_word' id='word_1_66' title='bbox 551 3119 661 3172; x_wconf 82' lang='lat' dir='ltr'>error</span> <span class='ocrx_word' id='word_1_67' title='bbox 691 3102 874 3172; x_wconf 82' lang='lat' dir='ltr'>nuscutnr</span> <span class='ocrx_word' id='word_1_68' title='bbox 904 3119 950 3170; x_wconf 81' lang='lat' dir='ltr'>en</span> <span class='ocrx_word' id='word_1_69' title='bbox 986 3089 1213 3182; x_wconf 84' lang='lat' dir='ltr'>nominibus,</span> <span class='ocrx_word' id='word_1_70' title='bbox 1244 3115 1331 3193; x_wconf 85' lang='lat' dir='ltr'>quae</span> 
     </span>
     <span class='ocr_line' id='line_1_18' title="bbox 276 3223 1331 3332; baseline -0.006 -26"><span class='ocrx_word' id='word_1_71' title='bbox 276 3226 514 3332; x_wconf 82' lang='lat' dir='ltr'>ponderibus</span> <span class='ocrx_word' id='word_1_72' title='bbox 534 3236 570 3304; x_wconf 82' lang='lat' dir='ltr'>et</span> <span class='ocrx_word' id='word_1_73' title='bbox 594 3227 779 3305; x_wconf 83' lang='lat' dir='ltr'>mensuris</span> <span class='ocrx_word' id='word_1_74' title='bbox 792 3225 899 3305; x_wconf 81' lang='lat' dir='ltr'>nullo</span> <span class='ocrx_word' id='word_1_75' title='bbox 919 3223 1138 3304; x_wconf 81' lang='lat' dir='ltr'>discrimine</span> <span class='ocrx_word' id='word_1_76' title='bbox 1152 3223 1331 3327; x_wconf 80' lang='lat' dir='ltr'>impositu</span> 
     </span>
     <span class='ocr_line' id='line_1_19' title="bbox 283 3357 1331 3468; baseline -0.006 -26"><span class='ocrx_word' id='word_1_77' title='bbox 283 3371 391 3456; x_wconf 83' lang='lat' dir='ltr'>sant,</span> <span class='ocrx_word' id='word_1_78' title='bbox 402 3388 504 3442; x_wconf 83' lang='lat' dir='ltr'>noun</span> <span class='ocrx_word' id='word_1_79' title='bbox 523 3362 894 3468; x_wconf 79' lang='lat' dir='ltr'>qnaedumfinm‘mns</span> <span class='ocrx_word' id='word_1_80' title='bbox 914 3387 992 3440; x_wconf 92' lang='lat' dir='ltr'>non</span> <span class='ocrx_word' id='word_1_81' title='bbox 1006 3357 1229 3452; x_wconf 70' lang='lat' dir='ltr'>inconsulte,</span> <span class='ocrx_word' id='word_1_82' title='bbox 1240 3384 1331 3463; x_wconf 79' lang='lat' dir='ltr'>qne</span> 
     </span>
     <span class='ocr_line' id='line_1_20' title="bbox 285 3498 875 3606; baseline -0.002 -28"><span class='ocrx_word' id='word_1_83' title='bbox 285 3499 408 3580; x_wconf 79' lang='lat' dir='ltr'>brevis</span> <span class='ocrx_word' id='word_1_84' title='bbox 426 3527 516 3579; x_wconf 82' lang='lat' dir='ltr'>nans</span> <span class='ocrx_word' id='word_1_85' title='bbox 533 3499 670 3578; x_wconf 80' lang='lat' dir='ltr'>reddet</span> <span class='ocrx_word' id='word_1_86' title='bbox 675 3498 836 3606; x_wconf 80' lang='lat' dir='ltr'>facilia.</span> <span class='ocrx_word' id='word_1_87' title='bbox 872 3511 875 3519; x_wconf 83' lang='lat'>&#39;</span> 
     </span>
    </p>

    <p class='ocr_par' dir='ltr' id='par_1_11' title="bbox 286 3631 1479 4290">
     <span class='ocr_line' id='line_1_21' title="bbox 343 3631 1332 3738; baseline -0.004 -22"><span class='ocrx_word' id='word_1_88' title='bbox 343 3636 411 3716; x_wconf 80' lang='lat' dir='ltr'>Ad</span> <span class='ocrx_word' id='word_1_89' title='bbox 433 3637 533 3730; x_wconf 78' lang='lat' dir='ltr'>deae,</span> <span class='ocrx_word' id='word_1_90' title='bbox 561 3634 743 3716; x_wconf 81' lang='lat' dir='ltr'>menanrd</span> <span class='ocrx_word' id='word_1_91' title='bbox 769 3632 905 3728; x_wconf 83' lang='lat' dir='ltr'>uitred,</span> <span class='ocrx_word' id='word_1_92' title='bbox 928 3632 1142 3714; x_wconf 77' lang='lat' dir='ltr'>interuallis</span> <span class='ocrx_word' id='word_1_93' title='bbox 1170 3631 1332 3738; x_wconf 75' lang='lat' dir='ltr'>equali-</span> 
     </span>
     <span class='ocr_line' id='line_1_22' title="bbox 286 3769 1479 3880; baseline -0.004 -29"><span class='ocrx_word' id='word_1_94' title='bbox 286 3771 354 3851; x_wconf 84' lang='lat' dir='ltr'>Ims</span> <span class='ocrx_word' id='word_1_95' title='bbox 386 3771 557 3880; x_wconf 81' lang='lat' dir='ltr'>signutd,</span> <span class='ocrx_word' id='word_1_96' title='bbox 587 3773 763 3852; x_wconf 86' lang='lat' dir='ltr'>minimus</span> <span class='ocrx_word' id='word_1_97' title='bbox 796 3771 1029 3876; x_wconf 81' lang='lat' dir='ltr'>liquidorum</span> <span class='ocrx_word' id='word_1_98' title='bbox 1055 3779 1192 3875; x_wconf 78' lang='lat' dir='ltr'>partes</span> <span class='ocrx_word' id='word_1_99' title='bbox 1223 3769 1333 3848; x_wconf 82' lang='lat' dir='ltr'>meti-</span> <span class='ocrx_word' id='word_1_100' title='bbox 1478 3875 1479 3878; x_wconf 4' lang='grc' dir='ltr'><strong><em>Ν</em></strong></span> 
     </span>
     <span class='ocr_line' id='line_1_23' title="bbox 287 3891 1479 4016; baseline -0.008 -25"><span class='ocrx_word' id='word_1_101' title='bbox 287 3939 385 3991; x_wconf 82' lang='lat' dir='ltr'>mnr.</span> <span class='ocrx_word' id='word_1_102' title='bbox 444 3910 602 3989; x_wconf 80' lang='lat' dir='ltr'>Etenim</span> <span class='ocrx_word' id='word_1_103' title='bbox 619 3909 758 4016; x_wconf 76' lang='lat' dir='ltr'>fullon</span> <span class='ocrx_word' id='word_1_104' title='bbox 791 3919 828 3987; x_wconf 84' lang='lat' dir='ltr'>et</span> <span class='ocrx_word' id='word_1_105' title='bbox 857 3908 1023 3986; x_wconf 84' lang='lat' dir='ltr'>incertus</span> <span class='ocrx_word' id='word_1_106' title='bbox 1053 3916 1108 3984; x_wconf 82' lang='lat' dir='ltr'>est</span> <span class='ocrx_word' id='word_1_107' title='bbox 1133 3915 1335 4012; x_wconf 82' lang='lat' dir='ltr'>guttarum</span> <span class='ocrx_word' id='word_1_108' title='bbox 1478 3891 1479 3906; x_wconf 15' lang='grc' dir='ltr'><strong>ἶ</strong></span> 
     </span>
     <span class='ocr_line' id='line_1_24' title="bbox 288 4039 1338 4151; baseline -0.01 -24"><span class='ocrx_word' id='word_1_109' title='bbox 288 4073 480 4142; x_wconf 82' lang='lat' dir='ltr'>numerus,</span> <span class='ocrx_word' id='word_1_110' title='bbox 500 4048 677 4126; x_wconf 69' lang='lat' dir='ltr'>tincturae</span> <span class='ocrx_word' id='word_1_111' title='bbox 706 4043 904 4151; x_wconf 83' lang='lat' dir='ltr'>cujuslibet</span> <span class='ocrx_word' id='word_1_112' title='bbox 925 4043 1047 4149; x_wconf 82' lang='lat' dir='ltr'>guttis</span> <span class='ocrx_word' id='word_1_113' title='bbox 1062 4041 1157 4148; x_wconf 82' lang='lat' dir='ltr'>fere</span> <span class='ocrx_word' id='word_1_114' title='bbox 1176 4040 1232 4120; x_wconf 84' lang='lat' dir='ltr'>bis</span> <span class='ocrx_word' id='word_1_115' title='bbox 1250 4039 1338 4118; x_wconf 83' lang='lat' dir='ltr'>toti-</span> 
     </span>
     <span class='ocr_line' id='line_1_25' title="bbox 291 4174 1335 4290; baseline -0.013 -26"><span class='ocrx_word' id='word_1_116' title='bbox 291 4186 389 4278; x_wconf 85' lang='lat' dir='ltr'>dem,</span> <span class='ocrx_word' id='word_1_117' title='bbox 410 4193 646 4290; x_wconf 76' lang='lat' dir='ltr'>quotaque,</span> <span class='ocrx_word' id='word_1_118' title='bbox 667 4181 827 4260; x_wconf 88' lang='lat' dir='ltr'>eandem</span> <span class='ocrx_word' id='word_1_119' title='bbox 845 4204 1061 4259; x_wconf 84' lang='lat' dir='ltr'>mensnram</span> <span class='ocrx_word' id='word_1_120' title='bbox 1083 4174 1335 4282; x_wconf 80' lang='lat' dir='ltr'>implentidm.</span> 
     </span>
    </p>
   </div>
   <div class='ocr_carea' id='block_1_11' title="bbox 0 0 1496 4942">
    <p class='ocr_par' dir='ltr' id='par_1_12' title="bbox 0 0 1496 4942">
     <span class='ocr_line' id='line_1_26' title="bbox 0 0 1496 4942; baseline 0 0"><span class='ocrx_word' id='word_1_121' title='bbox 0 0 1496 4942; x_wconf 95' lang='lat' dir='ltr'> </span> 
     </span>
    </p>
   </div>
  </div>
 </body>
</html>
