2972 4946
239 497 281 556 54
407 487 651 570 murnum,
676 491 738 558 ET
762 492 937 564 EORUM
961 493 1122 566 SALES.

239 667 340 753 tere,
360 633 403 740 ei
422 657 466 738 in
485 687 580 739 vase
599 658 730 741 vitreo
749 659 891 770 patulo
911 689 1005 744 cum
1023 661 1160 772 Aquae
1175 671 1291 744 octa-

240 793 303 876 rio
321 825 396 906 per
416 795 503 877 dies
523 796 669 907 viginti
699 799 782 881 aeri
803 829 978 910 expone,
999 799 1185 910 quotidie
1205 798 1290 909 agi-

238 945 343 1031 tem,
364 934 522 1044 adjecti
542 935 715 1018 subinde
737 938 861 1047 Aqui
884 937 1087 1027 destillare
1106 950 1153 1019 ut
1182 964 1291 1018 sem-

238 1098 313 1180 per
331 1069 503 1152 humida
522 1069 614 1180 sint.
669 1071 779 1154 Dein
800 1102 894 1154 eum
916 1074 1053 1183 Aquae
1073 1072 1290 1154 destillatae

239 1206 401 1288 octariis
422 1220 596 1318 quatuor
615 1237 747 1320 eoque
775 1239 849 1322 per
873 1209 1142 1320 quadrantem
1160 1209 1289 1304 horae,

239 1354 281 1425 et
310 1343 408 1424 cola.
469 1343 696 1454 Liquorem
725 1347 874 1427 balneo
905 1375 1059 1456 aquoso
1089 1372 1288 1426 consume

237 1479 370 1562 donec
402 1480 574 1563 Ferrum
604 1479 883 1582 tartarizetum
911 1479 1077 1591 penitus
1109 1479 1288 1564 exsicca-

236 1629 328 1700 tum
347 1617 410 1700 sit.
472 1616 568 1698 Hoc
588 1617 630 1700 in
650 1615 864 1728 pulverem
878 1628 984 1712 tere,
1005 1627 1047 1696 et
1065 1643 1160 1696 vase
1178 1614 1287 1695 bene

237 1752 428 1834 obturato
448 1782 572 1835 serva.

442 2072 631 2171 mouou
647 2069 802 2141 sunm
826 2069 1074 2138 summm.

234 2309 268 2389 13.
289 2295 404 2380 Ferri
424 2296 637 2380 drachmas
658 2296 758 2380 duas
779 2324 874 2378 cum
895 2293 1075 2391 semisse,
1142 2280 1147 2291 ⁸

289 2433 415 2516 Acidi
434 2433 570 2517 uitrici
590 2434 833 2518 fluiduncias
853 2433 968 2530 duas,

215 2617 218 2624 ·
288 2576 426 2686 Aquae
446 2574 662 2658 destillare
681 2573 925 2659 fluiduncias
945 2601 1031 2668 sex,

287 2699 481 2823 Liquoris
501 2713 682 2795 Potassae
705 2709 1019 2794 Subcarbonatis
1040 2707 1283 2792 fluiduncias

210 2869 214 2878 '
345 2881 438 2953 sex3

289 3125 416 3208 Ferro
437 3123 731 3238 superinfunde
752 3123 933 3212 Acidum
961 3134 1004 3204 et
1025 3121 1192 3232 Aquam
1220 3119 1282 3200 in-

231 3273 295 3343 ter
314 3290 358 3343 se
377 3261 518 3364 mista;
548 3275 651 3357 tum,
678 3259 749 3342 ubi
777 3259 948 3341 bullulae
968 3258 1080 3340 exire
1101 3262 1283 3341 'eessave-
1401 3343 1413 3362 ‚

232 3397 327 3495 rint,
347 3398 551 3510 liquorem
576 3398 709 3480 adhuc
729 3395 892 3506 acidum
913 3394 1091 3478 effunde.
1142 3393 1283 3492 Hunc,

230 3535 431 3652 paulatim
466 3549 508 3618 et
541 3565 594 3618 ex
624 3533 861 3630 intervallis
896 3531 1068 3642 Liquori
1104 3530 1284 3636 Potassae
1361 3551 1368 3557 “

236 3673 551 3756 Subcarbonatis
580 3671 723 3782 adjice,
744 3669 918 3752 subinde
938 3668 1118 3780 agitans,
1138 3667 1284 3762 donec,

230 3809 339 3893 facto
380 3813 467 3920 jam
508 3809 651 3920 ¹colore
699 3806 1075 3902 fusco-rubicunde,
1113 3784 1283 3888 bulluiae

230 3947 356 4030 nullae
372 3938 550 4058 amplius¹
564 3945 805 4028 excitentur.
837 3943 1031 4056 Denique
1044 3971 1198 4054 sepone
1209 3972 1284 4054 per

232 4085 353 4169 horas
374 4113 460 4182 sex,
480 4099 523 4168 et
540 4083 744 4194 liquorem
765 4080 942 4165 effunde.
