2972 4946
305 505 346 563 84
480 493 701 576 ALKALIA,
725 496 788 563 ET
810 497 982 566 EORUM
1003 497 1157 566 SALES„

600 743 785 820 LIQUOR
808 744 1039 813 POTASSAE.

303 919 336 999 130
361 905 537 988 Potassae
560 905 870 990 Subcarbonotis
888 909 1046 1006 libram,

361 1039 489 1130 Colcis
509 1041 680 1123 recentis
699 1042 844 1126 libram
864 1044 1089 1142 dimidiam,

360 1177 494 1286 Aquae
514 1175 727 1258 destillatae
745 1176 937 1260 ferventis
957 1179 1148 1289 congium
1163 1215 1174 1282 ;

359 1449 493 1560 Liqua
512 1449 718 1530 Potossam
747 1447 790 1530 in
811 1450 946 1560 Aquae
975 1449 1135 1532 octariis
1166 1451 1337 1534 duobus.
1474 1449 1475 1456 Ν

306 1585 416 1670 Calci
447 1585 575 1695 adjice
596 1586 731 1694 Aquae
760 1585 871 1694 quod
900 1585 1102 1696 reliquum
1136 1598 1207 1669 est
1266 1586 1340 1668 Li-

159 1699 168 1705 ·
303 1751 447 1833 quores
468 1721 644 1803 calentes
665 1719 771 1801 inter
786 1749 828 1802 se
843 1721 968 1804 misce
983 1759 993 1823 ;
1022 1736 1112 1804 tum
1128 1749 1279 1832 sepone
1294 1722 1339 1802 in

301 1888 395 1941 vase
415 1857 562 1956 clauso
583 1870 636 1953 et,
655 1869 872 1968 postquam
891 1857 1133 1956 refrixerint,
1152 1886 1225 1974 per
1239 1887 1341 1970 pan-

302 2024 402 2078 num
421 1994 675 2105 gossipinum
695 1992 794 2075 cola„
1234 2017 1237 2024 '

360 2266 401 2348 Si
437 2264 617 2350 Acidum
650 2262 825 2346 dilutum
857 2263 1067 2373 quodlibet
1099 2264 1340 2350 instillatum
1474 2355 1475 2360 ,

301 2405 474 2490 bullulas
494 2401 657 2497 excitet,
671 2399 763 2512 plus
786 2399 914 2486 Coieis
930 2401 1102 2512 adjicere
1121 2401 1340 2513 oportebit,

303 2557 344 2625 et
363 2541 510 2624 iterum
531 2537 674 2620 colare.

359 2813 493 2924 Hujus
513 2809 705 2921 Liquoris
724 2810 897 2892 octarius
916 2811 1096 2922 pendere
1122 2810 1246 2894 debet
1263 2839 1340 2895 un·
1472 2795 1473 2803 i

303 2953 383 3035 cios
404 2947 592 3033 sedecim.
1131 2963 1133 2968 ’
1269 2951 1272 2960 ’
1471 2939 1472 2948 ¹

394 3259 580 3339 LIQUOR
603 3260 825 3329 POTASSAE
849 3259 1250 3366 SUBCARBONATIS.

1468 3403 1469 3485 i

1467 3593 1468 3655 ἢ

305 3501 338 3582 15.
362 3487 538 3570 Potassae
561 3484 872 3570 Subearbonatis
891 3483 1049 3580 libram,

362 3621 497 3730 Aquae
516 3616 730 3702 destillatae
749 3616 988 3702 fluiduncias
1007 3616 1224 3700 duodecim
1241 3654 1253 3719 ;

310 3903 312 3908 '
361 3889 496 4000 Liqua
515 3890 692 3979 Potassae
714 3890 1057 3974 Subcarbonatem
1081 3887 1123 3970 in
1145 3887 1279 4002 Aq'u'd,
1299 3907 1342 3975 et

305 4055 378 4137 per
398 4027 577 4109 chartam
598 4026 695 4107 oola.
1284 4044 1290 4054 “
