2972 4946
251 473 253 478 '
337 465 582 550 METALLA,
607 471 670 538 ΕΤ
693 467 870 538 EORUM
893 467 1049 538 SALES.
1169 475 1213 540 58

165 638 294 726 tante,
343 631 457 716 Ferri
509 633 858 718 Subcarbonatem
908 634 1033 746 Aqub
1083 634 1215 720 calida

164 764 300 863 ablue,
320 779 362 850 et
381 769 520 854 charta
542 769 684 854 bibula
712 767 939 852 involutam
969 769 1051 854 leni
1078 771 1218 856 calore

165 897 336 984 exsicca.
1087 931 1088 936 ‘

497 1229 642 1298 FERRI
667 1229 896 1300 SULPHAS.

167 1472 201 1551 Β,
223 1457 350 1554 Ferri,

226 1592 350 1678 Acidi
366 1593 604 1705 sulphurici,
619 1594 873 1706 singulorum
883 1599 1062 1706 pondere
1077 1595 1215 1680 uncias

280 1745 387 1828 octo,

226 1869 363 1980 Aquae
382 1880 450 1949 oct
451 1867 555 1950 arios
575 1880 769 1979 quatum

225 2140 409 2254 Acidum
425 2125 710 2253 ¹sulphuricurn
729 2170 825 2226 cunr
846 2144 971 2253 Aque
986 2139 1028 2222 in
1044 2139 1218 2223 vesevi-

169 2291 260 2363 treo
293 2277 433 2376 misce,
461 2277 609 2390 hisque
637 2277 768 2390 adjice
800 2277 836 2361 F
837 2305 993 2378 errum;
1023 2289 1127 2374 tum,
1147 2275 1219 2359 ubi

169 2415 339 2500 bullulae
359 2415 471 2498 exire
490 2415 749 2514 cessaverint,
768 2414 972 2526 liquorem
989 2413 1075 2525 'per
1097 2411 1219 2494 ¹char-

169 2561 255 2630 tam
276 2550 378 2646 cola,
394 2579 572 2662 eumque
591 2551 644 2633 ad
658 2549 798 2662 ignem
813 2578 1023 2646 consume,
1039 2547 1143 2630 edei)
1158 2559 1218 2643 ut,

172 2685 272 2767 dum
301 2685 494 2798 frigescit,
520 2686 621 2768 fiant
649 2685 838 2798 crystalli.
898 2671 998 2782 Has,
1019 2685 1149 2768 effuso
1168 2681 1218 2765 li-

170 2849 312 2934 quore,
333 2852 454 2934 super
474 2823 655 2906 chartam
674 2821 858 2906 bibulam
879 2821 1048 2906 exsicca.
1080 2903 1081 2908 Ν
1211 2897 1213 2902 .

383 3135 588 3204 FERRUM
610 3136 1014 3208 TARTARIZATUM.

156 3347 206 3458 'Ro
224 3365 259 3447 F
261 3393 339 3446 ern
329 3343 519 3461 libram,

227 3502 406 3584 Potassae
428 3465 736 3624 Supertartratis
756 3501 945 3584 contritae
963 3500 1086 3584 libras
1106 3498 1219 3594 duas,

219 3639 365 3756 Aquae
380 3637 557 3719 destillat
540 3649 595 3718 tae
610 3636 784 3720 octarios
799 3638 995 3750 quinque,
1009 3635 1076 3720 vel
1091 3663 1221 3746 quan-

282 3784 374 3852 turn
394 3771 489 3854 satis
509 3771 582 3876 sit5
653 3793 657 3800 '

225 4009 399 4126 Ferrum
433 4058 480 4129 et¹
509 4045 687 4130 Potassae
721 3996 1063 4159 Supertartratem
1098 4044 1221 4128 simul
