2972 4946
264 517 308 594 so·
433 515 679 603 memmi,
703 521 767 589 rr
789 517 967 588 rosim
991 509 1146 622 smrs.

1477 213 1483 513 i

1477 540 1480 611 i

1477 648 1480 728 i

261 685 475 799 pulverem
490 687 716 770 demissum
730 687 833 786 lava,
846 687 980 770 donec
996 685 1151 798 saporis
1164 713 1312 800 expers

211 874 215 882 ,
262 822 403 926 fuerit3
423 838 515 905 tum
535 817 703 907 exsicea'⁸

277 1189 282 1197 .
408 1127 797 1204 HYDRARGYRUM
820 1135 1174 1206 PURIFICATUM.
1253 1149 1255 1154 '

321 1363 633 1475 Hydmrgyrum
654 1363 697 1444 in
717 1374 912 1444 retortam
932 1362 1107 1445 ferream
1127 1361 1313 1461 infunde,
1474 1432 1478 1514 1

266 1509 320 1594 et,
340 1496 436 1608 igne
456 1499 651 1607 subjecto,
672 1496 852 1580 destillet
873 1497 1186 1609 Hydrargyrum
1201 1497 1315 1609 puri.
1470 1516 1478 1571 ι

265 1632 443 1716 ficatum.

472 1954 802 2023 HYDRARGYRI
826 1952 1119 2024 SUBMURIAS.

266 2180 574 2292 RHydrargyri
608 2179 811 2292 purificati
848 2181 1026 2289 pondere
1059 2179 1182 2262 libras
1216 2210 1317 2293 qua-

378 2330 485 2415 tuor,

323 2453 448 2538 Acidi
468 2453 691 2566 sulphurici
703 2456 882 2562 pondere
900 2447 1040 2534 uncias
1059 2449 1239 2563 triginta,

325 2589 446 2672 Sodae
467 2586 658 2670 Muriatis
677 2586 824 2669 libram
851 2615 946 2668 cum
966 2587 1147 2686 semisse,
1286 2623 1289 2630 ⁴

218 2765 220 2770 ·
323 2724 563 2809 Ammoniae
584 2722 775 2820 Muriatis
795 2724 934 2806 uncias
954 2738 1068 2826 oct03

325 2993 580 3108 Hydrargyri
600 2995 722 3078 libras
742 2996 843 3079 duas
863 3025 958 3079 cum
980 2996 1117 3080 Acido
1146 2997 1319 3109 sulphu-

266 3130 352 3213 rieo
381 3131 424 3213 in
444 3119 539 3215 vase
564 3133 695 3214 vitreo
725 3139 869 3244 coque,
898 3133 1032 3215 donec
1061 3132 1318 3246 Hydrargyri

271 3268 445 3380 Sulphas
467 3269 674 3351 exsiccata
703 3268 826 3351 firerit
833 3305 844 3370 3
873 3268 981 3351 hanc
1013 3269 1085 3350 ubi
1114 3268 1320 3352 refrixerit

261 3435 364 3488 eum
384 3406 638 3518 Hydra'rgyri
657 3405 771 3487 libris
791 3404 961 3503 duabus,
977 3405 1020 3487 in
1035 3405 1232 3488 mortario
1245 3405 1319 3488 fic-

185 3531 189 3542 ’
266 3543 330 3625 tili
351 3556 518 3626 contere
538 3555 584 3626 ut
602 3535 761 3654 optime
773 3543 1032 3626 misceantur.
1064 3541 1176 3626 Dein
1195 3543 1319 3626 sodae

268 3679 495 3764 Muriatem
521 3679 663 3790 adjice,
685 3692 727 3762 et
746 3679 868 3762 simul
887 3693 987 3778 tere,
1007 3680 1141 3762 donec
1159 3680 1319 3792 globuli

266 3845 352 3899 non
395 3816 572 3928 ampliris
610 3813 942 3928 conspiciantur3
990 3830 1081 3899 tum
1129 3817 1319 3901 sublima.

271 3953 547 4038 Sublimatum
570 3949 619 4035 'in
647 3955 860 4066 pulverem
876 3951 1198 4038 subtilissimum
1219 3985 1320 4038 con-

258 4105 368 4189 tere,
386 4119 461 4202 per
481 4089 659 4172 cribrum
671 4088 927 4200 transmitte,
954 4101 996 4173 et
1025 4118 1120 4172 eum
1141 4090 1321 4172 Ammo·
1372 4153 1378 4158 -
1482 4123 1483 4126 ¹

268 4227 350 4312 niae
390 4225 583 4325 Muriate,
618 4227 660 4309 in
697 4228 836 4339 Aquae
871 4226 1086 4311 destillatae
1125 4227 1320 4311 ferventis
